%YAML 1.1
%TAG !u! tag:unity3d.com,2011:
--- !u!29 &1
SceneSettings:
  m_ObjectHideFlags: 0
  m_PVSData: 
  m_PVSObjectsArray: []
  m_PVSPortalsArray: []
  m_OcclusionBakeSettings:
    smallestOccluder: 5
    smallestHole: 0.25
    backfaceThreshold: 100
--- !u!104 &2
RenderSettings:
  m_ObjectHideFlags: 0
  serializedVersion: 7
  m_Fog: 0
  m_FogColor: {r: 0.5, g: 0.5, b: 0.5, a: 1}
  m_FogMode: 3
  m_FogDensity: 0.01
  m_LinearFogStart: 0
  m_LinearFogEnd: 300
  m_AmbientSkyColor: {r: 0.212, g: 0.227, b: 0.259, a: 1}
  m_AmbientEquatorColor: {r: 0.114, g: 0.125, b: 0.133, a: 1}
  m_AmbientGroundColor: {r: 0.047, g: 0.043, b: 0.035, a: 1}
  m_AmbientIntensity: 1
  m_AmbientMode: 0
  m_SkyboxMaterial: {fileID: 10304, guid: 0000000000000000f000000000000000, type: 0}
  m_HaloStrength: 0.5
  m_FlareStrength: 1
  m_FlareFadeSpeed: 3
  m_HaloTexture: {fileID: 0}
  m_SpotCookie: {fileID: 10001, guid: 0000000000000000e000000000000000, type: 0}
  m_DefaultReflectionMode: 0
  m_DefaultReflectionResolution: 1024
  m_ReflectionBounces: 1
  m_ReflectionIntensity: 1
  m_CustomReflection: {fileID: 0}
  m_Sun: {fileID: 0}
  m_IndirectSpecularColor: {r: 0.44951785, g: 0.4996165, b: 0.5760359, a: 1}
--- !u!157 &3
LightmapSettings:
  m_ObjectHideFlags: 0
  serializedVersion: 7
  m_GIWorkflowMode: 0
  m_GISettings:
    serializedVersion: 2
    m_BounceScale: 1
    m_IndirectOutputScale: 1
    m_AlbedoBoost: 1
    m_TemporalCoherenceThreshold: 1
    m_EnvironmentLightingMode: 0
    m_EnableBakedLightmaps: 1
    m_EnableRealtimeLightmaps: 1
  m_LightmapEditorSettings:
    serializedVersion: 4
    m_Resolution: 2
    m_BakeResolution: 40
    m_TextureWidth: 1024
    m_TextureHeight: 1024
    m_AO: 0
    m_AOMaxDistance: 1
    m_CompAOExponent: 1
    m_CompAOExponentDirect: 0
    m_Padding: 2
    m_LightmapParameters: {fileID: 0}
    m_LightmapsBakeMode: 1
    m_TextureCompression: 1
    m_DirectLightInLightProbes: 1
    m_FinalGather: 0
    m_FinalGatherFiltering: 1
    m_FinalGatherRayCount: 256
    m_ReflectionCompression: 2
  m_LightingDataAsset: {fileID: 0}
  m_RuntimeCPUUsage: 25
--- !u!196 &4
NavMeshSettings:
  serializedVersion: 2
  m_ObjectHideFlags: 0
  m_BuildSettings:
    serializedVersion: 2
    agentRadius: 0.5
    agentHeight: 2
    agentSlope: 45
    agentClimb: 0.4
    ledgeDropHeight: 0
    maxJumpAcrossDistance: 0
    accuratePlacement: 0
    minRegionArea: 2
    cellSize: 0.16666667
    manualCellSize: 0
  m_NavMeshData: {fileID: 0}
--- !u!1 &54970573
GameObject:
  m_ObjectHideFlags: 0
  m_PrefabParentObject: {fileID: 100008, guid: 950a899a61407f04692504e9f4a96075, type: 3}
  m_PrefabInternal: {fileID: 0}
  serializedVersion: 4
  m_Component:
  - 4: {fileID: 54970574}
  - 33: {fileID: 54970577}
  - 23: {fileID: 54970576}
  - 64: {fileID: 54970575}
  m_Layer: 10
  m_Name: Cube_003
  m_TagString: Untagged
  m_Icon: {fileID: 0}
  m_NavMeshLayer: 0
  m_StaticEditorFlags: 0
  m_IsActive: 1
--- !u!4 &54970574
Transform:
  m_ObjectHideFlags: 0
  m_PrefabParentObject: {fileID: 400008, guid: 950a899a61407f04692504e9f4a96075, type: 3}
  m_PrefabInternal: {fileID: 0}
  m_GameObject: {fileID: 54970573}
  m_LocalRotation: {x: -0.7071068, y: 0, z: -0, w: 0.7071068}
  m_LocalPosition: {x: -0, y: 5, z: 0}
  m_LocalScale: {x: 4, y: 4, z: 5}
  m_LocalEulerAnglesHint: {x: 0, y: 0, z: 0}
  m_Children: []
  m_Father: {fileID: 1418083197}
  m_RootOrder: 3
--- !u!64 &54970575
MeshCollider:
  m_ObjectHideFlags: 0
  m_PrefabParentObject: {fileID: 6400006, guid: 950a899a61407f04692504e9f4a96075,
    type: 3}
  m_PrefabInternal: {fileID: 0}
  m_GameObject: {fileID: 54970573}
  m_Material: {fileID: 0}
  m_IsTrigger: 0
  m_Enabled: 1
  serializedVersion: 2
  m_Convex: 0
  m_Mesh: {fileID: 4300004, guid: 950a899a61407f04692504e9f4a96075, type: 3}
--- !u!23 &54970576
MeshRenderer:
  m_ObjectHideFlags: 0
  m_PrefabParentObject: {fileID: 2300006, guid: 950a899a61407f04692504e9f4a96075,
    type: 3}
  m_PrefabInternal: {fileID: 0}
  m_GameObject: {fileID: 54970573}
  m_Enabled: 1
  m_CastShadows: 1
  m_ReceiveShadows: 1
  m_MotionVectors: 1
  m_LightProbeUsage: 1
  m_ReflectionProbeUsage: 1
  m_Materials:
  - {fileID: 2100000, guid: fd6ee21be57b54b4dba4ca970290e8c8, type: 2}
  m_SubsetIndices: 
  m_StaticBatchRoot: {fileID: 0}
  m_ProbeAnchor: {fileID: 0}
  m_LightProbeVolumeOverride: {fileID: 0}
  m_ScaleInLightmap: 1
  m_PreserveUVs: 0
  m_IgnoreNormalsForChartDetection: 0
  m_ImportantGI: 0
  m_SelectedWireframeHidden: 0
  m_MinimumChartSize: 4
  m_AutoUVMaxDistance: 0.5
  m_AutoUVMaxAngle: 89
  m_LightmapParameters: {fileID: 0}
  m_SortingLayerID: 0
  m_SortingOrder: 0
--- !u!33 &54970577
MeshFilter:
  m_ObjectHideFlags: 0
  m_PrefabParentObject: {fileID: 3300006, guid: 950a899a61407f04692504e9f4a96075,
    type: 3}
  m_PrefabInternal: {fileID: 0}
  m_GameObject: {fileID: 54970573}
  m_Mesh: {fileID: 4300004, guid: 950a899a61407f04692504e9f4a96075, type: 3}
--- !u!114 &224558301 stripped
MonoBehaviour:
  m_PrefabParentObject: {fileID: 114000014207708192, guid: d70479d1535134f479a08c160610307a,
    type: 2}
  m_PrefabInternal: {fileID: 1638413953}
  m_Script: {fileID: 708705254, guid: f5f67c52d1564df4a8936ccd202a3bd8, type: 3}
--- !u!1001 &256107127
Prefab:
  m_ObjectHideFlags: 0
  serializedVersion: 2
  m_Modification:
    m_TransformParent: {fileID: 898996016}
    m_Modifications:
    - target: {fileID: 4000012017542846, guid: 119c251d38fe69b48a8e6a126745727e, type: 2}
      propertyPath: m_LocalPosition.x
      value: 28.39
      objectReference: {fileID: 0}
    - target: {fileID: 4000012017542846, guid: 119c251d38fe69b48a8e6a126745727e, type: 2}
      propertyPath: m_LocalPosition.y
      value: 7.49
      objectReference: {fileID: 0}
    - target: {fileID: 4000012017542846, guid: 119c251d38fe69b48a8e6a126745727e, type: 2}
      propertyPath: m_LocalPosition.z
      value: -39.6
      objectReference: {fileID: 0}
    - target: {fileID: 4000012017542846, guid: 119c251d38fe69b48a8e6a126745727e, type: 2}
      propertyPath: m_LocalRotation.x
      value: -0
      objectReference: {fileID: 0}
    - target: {fileID: 4000012017542846, guid: 119c251d38fe69b48a8e6a126745727e, type: 2}
      propertyPath: m_LocalRotation.y
      value: -0
      objectReference: {fileID: 0}
    - target: {fileID: 4000012017542846, guid: 119c251d38fe69b48a8e6a126745727e, type: 2}
      propertyPath: m_LocalRotation.z
      value: -0
      objectReference: {fileID: 0}
    - target: {fileID: 4000012017542846, guid: 119c251d38fe69b48a8e6a126745727e, type: 2}
      propertyPath: m_LocalRotation.w
      value: 1
      objectReference: {fileID: 0}
    - target: {fileID: 4000012017542846, guid: 119c251d38fe69b48a8e6a126745727e, type: 2}
      propertyPath: m_RootOrder
      value: 1
      objectReference: {fileID: 0}
    - target: {fileID: 1000011233752934, guid: 119c251d38fe69b48a8e6a126745727e, type: 2}
      propertyPath: m_Name
      value: Objective (2)
      objectReference: {fileID: 0}
    - target: {fileID: 1000011233752934, guid: 119c251d38fe69b48a8e6a126745727e, type: 2}
      propertyPath: m_Layer
      value: 10
      objectReference: {fileID: 0}
    m_RemovedComponents: []
  m_ParentPrefab: {fileID: 100100000, guid: 119c251d38fe69b48a8e6a126745727e, type: 2}
  m_IsPrefabParent: 0
--- !u!4 &256107128 stripped
Transform:
  m_PrefabParentObject: {fileID: 4000012017542846, guid: 119c251d38fe69b48a8e6a126745727e,
    type: 2}
  m_PrefabInternal: {fileID: 256107127}
--- !u!1001 &257031668
Prefab:
  m_ObjectHideFlags: 0
  serializedVersion: 2
  m_Modification:
    m_TransformParent: {fileID: 898996016}
    m_Modifications:
    - target: {fileID: 4000012017542846, guid: 119c251d38fe69b48a8e6a126745727e, type: 2}
      propertyPath: m_LocalPosition.x
      value: -38.8
      objectReference: {fileID: 0}
    - target: {fileID: 4000012017542846, guid: 119c251d38fe69b48a8e6a126745727e, type: 2}
      propertyPath: m_LocalPosition.y
      value: 11.13
      objectReference: {fileID: 0}
    - target: {fileID: 4000012017542846, guid: 119c251d38fe69b48a8e6a126745727e, type: 2}
      propertyPath: m_LocalPosition.z
      value: -0
      objectReference: {fileID: 0}
    - target: {fileID: 4000012017542846, guid: 119c251d38fe69b48a8e6a126745727e, type: 2}
      propertyPath: m_LocalRotation.x
      value: -0
      objectReference: {fileID: 0}
    - target: {fileID: 4000012017542846, guid: 119c251d38fe69b48a8e6a126745727e, type: 2}
      propertyPath: m_LocalRotation.y
      value: -0
      objectReference: {fileID: 0}
    - target: {fileID: 4000012017542846, guid: 119c251d38fe69b48a8e6a126745727e, type: 2}
      propertyPath: m_LocalRotation.z
      value: -0
      objectReference: {fileID: 0}
    - target: {fileID: 4000012017542846, guid: 119c251d38fe69b48a8e6a126745727e, type: 2}
      propertyPath: m_LocalRotation.w
      value: 1
      objectReference: {fileID: 0}
    - target: {fileID: 4000012017542846, guid: 119c251d38fe69b48a8e6a126745727e, type: 2}
      propertyPath: m_RootOrder
      value: 4
      objectReference: {fileID: 0}
    - target: {fileID: 1000011233752934, guid: 119c251d38fe69b48a8e6a126745727e, type: 2}
      propertyPath: m_Name
      value: Objective (9)
      objectReference: {fileID: 0}
    - target: {fileID: 114000010188464248, guid: 119c251d38fe69b48a8e6a126745727e,
        type: 2}
      propertyPath: Stats.Type
      value: 2
      objectReference: {fileID: 0}
    - target: {fileID: 1000011233752934, guid: 119c251d38fe69b48a8e6a126745727e, type: 2}
      propertyPath: m_Layer
      value: 10
      objectReference: {fileID: 0}
    m_RemovedComponents: []
  m_ParentPrefab: {fileID: 100100000, guid: 119c251d38fe69b48a8e6a126745727e, type: 2}
  m_IsPrefabParent: 0
--- !u!4 &257031669 stripped
Transform:
  m_PrefabParentObject: {fileID: 4000012017542846, guid: 119c251d38fe69b48a8e6a126745727e,
    type: 2}
  m_PrefabInternal: {fileID: 257031668}
--- !u!1 &288251052
GameObject:
  m_ObjectHideFlags: 0
  m_PrefabParentObject: {fileID: 100012, guid: 950a899a61407f04692504e9f4a96075, type: 3}
  m_PrefabInternal: {fileID: 0}
  serializedVersion: 4
  m_Component:
  - 4: {fileID: 288251053}
  - 33: {fileID: 288251056}
  - 23: {fileID: 288251055}
  - 64: {fileID: 288251054}
  m_Layer: 10
  m_Name: Cube_005
  m_TagString: Untagged
  m_Icon: {fileID: 0}
  m_NavMeshLayer: 0
  m_StaticEditorFlags: 0
  m_IsActive: 1
--- !u!4 &288251053
Transform:
  m_ObjectHideFlags: 0
  m_PrefabParentObject: {fileID: 400012, guid: 950a899a61407f04692504e9f4a96075, type: 3}
  m_PrefabInternal: {fileID: 0}
  m_GameObject: {fileID: 288251052}
  m_LocalRotation: {x: -0.7071068, y: 0, z: -0, w: 0.7071068}
  m_LocalPosition: {x: 8, y: 13, z: -17}
  m_LocalScale: {x: 4, y: 4, z: 5}
  m_LocalEulerAnglesHint: {x: 0, y: 0, z: 0}
  m_Children: []
  m_Father: {fileID: 1418083197}
  m_RootOrder: 5
--- !u!64 &288251054
MeshCollider:
  m_ObjectHideFlags: 0
  m_PrefabParentObject: {fileID: 6400010, guid: 950a899a61407f04692504e9f4a96075,
    type: 3}
  m_PrefabInternal: {fileID: 0}
  m_GameObject: {fileID: 288251052}
  m_Material: {fileID: 0}
  m_IsTrigger: 0
  m_Enabled: 1
  serializedVersion: 2
  m_Convex: 0
  m_Mesh: {fileID: 4300000, guid: 950a899a61407f04692504e9f4a96075, type: 3}
--- !u!23 &288251055
MeshRenderer:
  m_ObjectHideFlags: 0
  m_PrefabParentObject: {fileID: 2300010, guid: 950a899a61407f04692504e9f4a96075,
    type: 3}
  m_PrefabInternal: {fileID: 0}
  m_GameObject: {fileID: 288251052}
  m_Enabled: 1
  m_CastShadows: 1
  m_ReceiveShadows: 1
  m_MotionVectors: 1
  m_LightProbeUsage: 1
  m_ReflectionProbeUsage: 1
  m_Materials:
  - {fileID: 2100000, guid: fd6ee21be57b54b4dba4ca970290e8c8, type: 2}
  m_SubsetIndices: 
  m_StaticBatchRoot: {fileID: 0}
  m_ProbeAnchor: {fileID: 0}
  m_LightProbeVolumeOverride: {fileID: 0}
  m_ScaleInLightmap: 1
  m_PreserveUVs: 0
  m_IgnoreNormalsForChartDetection: 0
  m_ImportantGI: 0
  m_SelectedWireframeHidden: 0
  m_MinimumChartSize: 4
  m_AutoUVMaxDistance: 0.5
  m_AutoUVMaxAngle: 89
  m_LightmapParameters: {fileID: 0}
  m_SortingLayerID: 0
  m_SortingOrder: 0
--- !u!33 &288251056
MeshFilter:
  m_ObjectHideFlags: 0
  m_PrefabParentObject: {fileID: 3300010, guid: 950a899a61407f04692504e9f4a96075,
    type: 3}
  m_PrefabInternal: {fileID: 0}
  m_GameObject: {fileID: 288251052}
  m_Mesh: {fileID: 4300000, guid: 950a899a61407f04692504e9f4a96075, type: 3}
--- !u!1001 &316483007
Prefab:
  m_ObjectHideFlags: 0
  serializedVersion: 2
  m_Modification:
    m_TransformParent: {fileID: 0}
    m_Modifications:
    - target: {fileID: 4000011260392010, guid: dfc6b2a00a3c27c4a9664dd2ad2b798e, type: 2}
      propertyPath: m_LocalPosition.x
      value: 0
      objectReference: {fileID: 0}
    - target: {fileID: 4000011260392010, guid: dfc6b2a00a3c27c4a9664dd2ad2b798e, type: 2}
      propertyPath: m_LocalPosition.y
      value: 60
      objectReference: {fileID: 0}
    - target: {fileID: 4000011260392010, guid: dfc6b2a00a3c27c4a9664dd2ad2b798e, type: 2}
      propertyPath: m_LocalPosition.z
      value: -61.89
      objectReference: {fileID: 0}
    - target: {fileID: 4000011260392010, guid: dfc6b2a00a3c27c4a9664dd2ad2b798e, type: 2}
      propertyPath: m_LocalRotation.x
      value: 0.38268343
      objectReference: {fileID: 0}
    - target: {fileID: 4000011260392010, guid: dfc6b2a00a3c27c4a9664dd2ad2b798e, type: 2}
      propertyPath: m_LocalRotation.y
      value: 0
      objectReference: {fileID: 0}
    - target: {fileID: 4000011260392010, guid: dfc6b2a00a3c27c4a9664dd2ad2b798e, type: 2}
      propertyPath: m_LocalRotation.z
      value: 0
      objectReference: {fileID: 0}
    - target: {fileID: 4000011260392010, guid: dfc6b2a00a3c27c4a9664dd2ad2b798e, type: 2}
      propertyPath: m_LocalRotation.w
      value: 0.92387956
      objectReference: {fileID: 0}
    - target: {fileID: 4000011260392010, guid: dfc6b2a00a3c27c4a9664dd2ad2b798e, type: 2}
      propertyPath: m_RootOrder
      value: 2
      objectReference: {fileID: 0}
    m_RemovedComponents: []
  m_ParentPrefab: {fileID: 100100000, guid: dfc6b2a00a3c27c4a9664dd2ad2b798e, type: 2}
  m_IsPrefabParent: 0
--- !u!1 &320679384
GameObject:
  m_ObjectHideFlags: 0
  m_PrefabParentObject: {fileID: 100010, guid: 950a899a61407f04692504e9f4a96075, type: 3}
  m_PrefabInternal: {fileID: 0}
  serializedVersion: 4
  m_Component:
  - 4: {fileID: 320679385}
  - 33: {fileID: 320679388}
  - 23: {fileID: 320679387}
  - 64: {fileID: 320679386}
  m_Layer: 10
  m_Name: Cube_004
  m_TagString: Untagged
  m_Icon: {fileID: 0}
  m_NavMeshLayer: 0
  m_StaticEditorFlags: 0
  m_IsActive: 1
--- !u!4 &320679385
Transform:
  m_ObjectHideFlags: 0
  m_PrefabParentObject: {fileID: 400010, guid: 950a899a61407f04692504e9f4a96075, type: 3}
  m_PrefabInternal: {fileID: 0}
  m_GameObject: {fileID: 320679384}
  m_LocalRotation: {x: -0.7071068, y: 0, z: -0, w: 0.7071068}
  m_LocalPosition: {x: -14, y: 15, z: -12}
  m_LocalScale: {x: 4, y: 4, z: 5}
  m_LocalEulerAnglesHint: {x: 0, y: 0, z: 0}
  m_Children: []
  m_Father: {fileID: 1620105116}
  m_RootOrder: 4
--- !u!64 &320679386
MeshCollider:
  m_ObjectHideFlags: 0
  m_PrefabParentObject: {fileID: 6400008, guid: 950a899a61407f04692504e9f4a96075,
    type: 3}
  m_PrefabInternal: {fileID: 0}
  m_GameObject: {fileID: 320679384}
  m_Material: {fileID: 0}
  m_IsTrigger: 0
  m_Enabled: 1
  serializedVersion: 2
  m_Convex: 0
  m_Mesh: {fileID: 4300002, guid: 950a899a61407f04692504e9f4a96075, type: 3}
--- !u!23 &320679387
MeshRenderer:
  m_ObjectHideFlags: 0
  m_PrefabParentObject: {fileID: 2300008, guid: 950a899a61407f04692504e9f4a96075,
    type: 3}
  m_PrefabInternal: {fileID: 0}
  m_GameObject: {fileID: 320679384}
  m_Enabled: 1
  m_CastShadows: 1
  m_ReceiveShadows: 1
  m_MotionVectors: 1
  m_LightProbeUsage: 1
  m_ReflectionProbeUsage: 1
  m_Materials:
  - {fileID: 2100000, guid: 0eba23aa4dc6dc84fac47f6229d7dffa, type: 2}
  m_SubsetIndices: 
  m_StaticBatchRoot: {fileID: 0}
  m_ProbeAnchor: {fileID: 0}
  m_LightProbeVolumeOverride: {fileID: 0}
  m_ScaleInLightmap: 1
  m_PreserveUVs: 0
  m_IgnoreNormalsForChartDetection: 0
  m_ImportantGI: 0
  m_SelectedWireframeHidden: 0
  m_MinimumChartSize: 4
  m_AutoUVMaxDistance: 0.5
  m_AutoUVMaxAngle: 89
  m_LightmapParameters: {fileID: 0}
  m_SortingLayerID: 0
  m_SortingOrder: 0
--- !u!33 &320679388
MeshFilter:
  m_ObjectHideFlags: 0
  m_PrefabParentObject: {fileID: 3300008, guid: 950a899a61407f04692504e9f4a96075,
    type: 3}
  m_PrefabInternal: {fileID: 0}
  m_GameObject: {fileID: 320679384}
  m_Mesh: {fileID: 4300002, guid: 950a899a61407f04692504e9f4a96075, type: 3}
--- !u!114 &391758435 stripped
MonoBehaviour:
  m_PrefabParentObject: {fileID: 114000011682643328, guid: d70479d1535134f479a08c160610307a,
    type: 2}
  m_PrefabInternal: {fileID: 1638413953}
  m_Script: {fileID: 708705254, guid: f5f67c52d1564df4a8936ccd202a3bd8, type: 3}
--- !u!1001 &440486425
Prefab:
  m_ObjectHideFlags: 0
  serializedVersion: 2
  m_Modification:
    m_TransformParent: {fileID: 0}
    m_Modifications:
    - target: {fileID: 4000010601344572, guid: d4c79dc5858eafc4e8d0ab6fdbd7f1af, type: 2}
      propertyPath: m_LocalPosition.x
      value: -0.27865374
      objectReference: {fileID: 0}
    - target: {fileID: 4000010601344572, guid: d4c79dc5858eafc4e8d0ab6fdbd7f1af, type: 2}
      propertyPath: m_LocalPosition.y
      value: -33.40625
      objectReference: {fileID: 0}
    - target: {fileID: 4000010601344572, guid: d4c79dc5858eafc4e8d0ab6fdbd7f1af, type: 2}
      propertyPath: m_LocalPosition.z
      value: -1.6061796
      objectReference: {fileID: 0}
    - target: {fileID: 4000010601344572, guid: d4c79dc5858eafc4e8d0ab6fdbd7f1af, type: 2}
      propertyPath: m_LocalRotation.x
      value: 0
      objectReference: {fileID: 0}
    - target: {fileID: 4000010601344572, guid: d4c79dc5858eafc4e8d0ab6fdbd7f1af, type: 2}
      propertyPath: m_LocalRotation.y
      value: 0
      objectReference: {fileID: 0}
    - target: {fileID: 4000010601344572, guid: d4c79dc5858eafc4e8d0ab6fdbd7f1af, type: 2}
      propertyPath: m_LocalRotation.z
      value: 0
      objectReference: {fileID: 0}
    - target: {fileID: 4000010601344572, guid: d4c79dc5858eafc4e8d0ab6fdbd7f1af, type: 2}
      propertyPath: m_LocalRotation.w
      value: 1
      objectReference: {fileID: 0}
    - target: {fileID: 4000010601344572, guid: d4c79dc5858eafc4e8d0ab6fdbd7f1af, type: 2}
      propertyPath: m_RootOrder
      value: 9
      objectReference: {fileID: 0}
    - target: {fileID: 114000012875062530, guid: d4c79dc5858eafc4e8d0ab6fdbd7f1af,
        type: 2}
      propertyPath: TimeText
      value: 
      objectReference: {fileID: 737848022}
    - target: {fileID: 114000011560614264, guid: d4c79dc5858eafc4e8d0ab6fdbd7f1af,
        type: 2}
      propertyPath: PlayerControler
      value: 
      objectReference: {fileID: 1364351551}
    - target: {fileID: 114000011560614264, guid: d4c79dc5858eafc4e8d0ab6fdbd7f1af,
        type: 2}
      propertyPath: AiController
      value: 
      objectReference: {fileID: 609966569}
    - target: {fileID: 114000010199269760, guid: d4c79dc5858eafc4e8d0ab6fdbd7f1af,
        type: 2}
      propertyPath: GameOverText
      value: 
      objectReference: {fileID: 790728321}
    - target: {fileID: 114000014104546854, guid: d4c79dc5858eafc4e8d0ab6fdbd7f1af,
        type: 2}
      propertyPath: SpeedText
      value: 
      objectReference: {fileID: 978668524}
    - target: {fileID: 114000012305829896, guid: d4c79dc5858eafc4e8d0ab6fdbd7f1af,
        type: 2}
      propertyPath: Commander
      value: 0
      objectReference: {fileID: 0}
    - target: {fileID: 114000012875062530, guid: d4c79dc5858eafc4e8d0ab6fdbd7f1af,
        type: 2}
      propertyPath: gameTime
      value: 432000
      objectReference: {fileID: 0}
    m_RemovedComponents: []
  m_ParentPrefab: {fileID: 100100000, guid: d4c79dc5858eafc4e8d0ab6fdbd7f1af, type: 2}
  m_IsPrefabParent: 0
--- !u!1 &467111999
GameObject:
  m_ObjectHideFlags: 0
  m_PrefabParentObject: {fileID: 0}
  m_PrefabInternal: {fileID: 0}
  serializedVersion: 4
  m_Component:
  - 4: {fileID: 467112000}
  - 33: {fileID: 467112003}
  - 65: {fileID: 467112002}
  - 23: {fileID: 467112001}
  m_Layer: 0
  m_Name: Cube
  m_TagString: Untagged
  m_Icon: {fileID: 0}
  m_NavMeshLayer: 0
  m_StaticEditorFlags: 0
  m_IsActive: 1
--- !u!4 &467112000
Transform:
  m_ObjectHideFlags: 0
  m_PrefabParentObject: {fileID: 0}
  m_PrefabInternal: {fileID: 0}
  m_GameObject: {fileID: 467111999}
  m_LocalRotation: {x: 0, y: 0, z: 0, w: 1}
  m_LocalPosition: {x: -54.29, y: -13.3, z: 28.7}
  m_LocalScale: {x: 2, y: 12, z: 100}
  m_LocalEulerAnglesHint: {x: 0, y: 0, z: 0}
  m_Children: []
  m_Father: {fileID: 1420519836}
  m_RootOrder: 0
--- !u!23 &467112001
MeshRenderer:
  m_ObjectHideFlags: 0
  m_PrefabParentObject: {fileID: 0}
  m_PrefabInternal: {fileID: 0}
  m_GameObject: {fileID: 467111999}
  m_Enabled: 1
  m_CastShadows: 1
  m_ReceiveShadows: 0
  m_MotionVectors: 0
  m_LightProbeUsage: 1
  m_ReflectionProbeUsage: 1
  m_Materials:
  - {fileID: 2100000, guid: de77e6b5e6ed26044ba14b55079f1f43, type: 2}
  m_SubsetIndices: 
  m_StaticBatchRoot: {fileID: 0}
  m_ProbeAnchor: {fileID: 0}
  m_LightProbeVolumeOverride: {fileID: 0}
  m_ScaleInLightmap: 1
  m_PreserveUVs: 1
  m_IgnoreNormalsForChartDetection: 0
  m_ImportantGI: 0
  m_SelectedWireframeHidden: 0
  m_MinimumChartSize: 4
  m_AutoUVMaxDistance: 0.5
  m_AutoUVMaxAngle: 89
  m_LightmapParameters: {fileID: 0}
  m_SortingLayerID: 0
  m_SortingOrder: 0
--- !u!65 &467112002
BoxCollider:
  m_ObjectHideFlags: 0
  m_PrefabParentObject: {fileID: 0}
  m_PrefabInternal: {fileID: 0}
  m_GameObject: {fileID: 467111999}
  m_Material: {fileID: 0}
  m_IsTrigger: 0
  m_Enabled: 1
  serializedVersion: 2
  m_Size: {x: 1, y: 1, z: 1}
  m_Center: {x: 0, y: 0, z: 0}
--- !u!33 &467112003
MeshFilter:
  m_ObjectHideFlags: 0
  m_PrefabParentObject: {fileID: 0}
  m_PrefabInternal: {fileID: 0}
  m_GameObject: {fileID: 467111999}
  m_Mesh: {fileID: 10202, guid: 0000000000000000e000000000000000, type: 0}
--- !u!1001 &516314078
Prefab:
  m_ObjectHideFlags: 0
  serializedVersion: 2
  m_Modification:
    m_TransformParent: {fileID: 898996016}
    m_Modifications:
    - target: {fileID: 4000012017542846, guid: 119c251d38fe69b48a8e6a126745727e, type: 2}
      propertyPath: m_LocalPosition.x
      value: 25.06
      objectReference: {fileID: 0}
    - target: {fileID: 4000012017542846, guid: 119c251d38fe69b48a8e6a126745727e, type: 2}
      propertyPath: m_LocalPosition.y
      value: 13.9
      objectReference: {fileID: 0}
    - target: {fileID: 4000012017542846, guid: 119c251d38fe69b48a8e6a126745727e, type: 2}
      propertyPath: m_LocalPosition.z
      value: -11.28
      objectReference: {fileID: 0}
    - target: {fileID: 4000012017542846, guid: 119c251d38fe69b48a8e6a126745727e, type: 2}
      propertyPath: m_LocalRotation.x
      value: -0
      objectReference: {fileID: 0}
    - target: {fileID: 4000012017542846, guid: 119c251d38fe69b48a8e6a126745727e, type: 2}
      propertyPath: m_LocalRotation.y
      value: -0
      objectReference: {fileID: 0}
    - target: {fileID: 4000012017542846, guid: 119c251d38fe69b48a8e6a126745727e, type: 2}
      propertyPath: m_LocalRotation.z
      value: -0
      objectReference: {fileID: 0}
    - target: {fileID: 4000012017542846, guid: 119c251d38fe69b48a8e6a126745727e, type: 2}
      propertyPath: m_LocalRotation.w
      value: 1
      objectReference: {fileID: 0}
    - target: {fileID: 4000012017542846, guid: 119c251d38fe69b48a8e6a126745727e, type: 2}
      propertyPath: m_RootOrder
      value: 2
      objectReference: {fileID: 0}
    - target: {fileID: 1000011233752934, guid: 119c251d38fe69b48a8e6a126745727e, type: 2}
      propertyPath: m_Name
      value: Objective (4)
      objectReference: {fileID: 0}
    - target: {fileID: 114000010188464248, guid: 119c251d38fe69b48a8e6a126745727e,
        type: 2}
      propertyPath: Stats.Type
      value: 2
      objectReference: {fileID: 0}
    - target: {fileID: 1000011233752934, guid: 119c251d38fe69b48a8e6a126745727e, type: 2}
      propertyPath: m_Layer
      value: 10
      objectReference: {fileID: 0}
    m_RemovedComponents: []
  m_ParentPrefab: {fileID: 100100000, guid: 119c251d38fe69b48a8e6a126745727e, type: 2}
  m_IsPrefabParent: 0
--- !u!4 &516314079 stripped
Transform:
  m_PrefabParentObject: {fileID: 4000012017542846, guid: 119c251d38fe69b48a8e6a126745727e,
    type: 2}
  m_PrefabInternal: {fileID: 516314078}
--- !u!1001 &573434343
Prefab:
  m_ObjectHideFlags: 0
  serializedVersion: 2
  m_Modification:
    m_TransformParent: {fileID: 898996016}
    m_Modifications:
    - target: {fileID: 4000012017542846, guid: 119c251d38fe69b48a8e6a126745727e, type: 2}
      propertyPath: m_LocalPosition.x
      value: -5.05
      objectReference: {fileID: 0}
    - target: {fileID: 4000012017542846, guid: 119c251d38fe69b48a8e6a126745727e, type: 2}
      propertyPath: m_LocalPosition.y
      value: 8.64
      objectReference: {fileID: 0}
    - target: {fileID: 4000012017542846, guid: 119c251d38fe69b48a8e6a126745727e, type: 2}
      propertyPath: m_LocalPosition.z
      value: -4.7
      objectReference: {fileID: 0}
    - target: {fileID: 4000012017542846, guid: 119c251d38fe69b48a8e6a126745727e, type: 2}
      propertyPath: m_LocalRotation.x
      value: -0
      objectReference: {fileID: 0}
    - target: {fileID: 4000012017542846, guid: 119c251d38fe69b48a8e6a126745727e, type: 2}
      propertyPath: m_LocalRotation.y
      value: -0
      objectReference: {fileID: 0}
    - target: {fileID: 4000012017542846, guid: 119c251d38fe69b48a8e6a126745727e, type: 2}
      propertyPath: m_LocalRotation.z
      value: -0
      objectReference: {fileID: 0}
    - target: {fileID: 4000012017542846, guid: 119c251d38fe69b48a8e6a126745727e, type: 2}
      propertyPath: m_LocalRotation.w
      value: 1
      objectReference: {fileID: 0}
    - target: {fileID: 4000012017542846, guid: 119c251d38fe69b48a8e6a126745727e, type: 2}
      propertyPath: m_RootOrder
      value: 3
      objectReference: {fileID: 0}
    - target: {fileID: 1000011233752934, guid: 119c251d38fe69b48a8e6a126745727e, type: 2}
      propertyPath: m_Name
      value: Objective (5)
      objectReference: {fileID: 0}
    - target: {fileID: 114000010188464248, guid: 119c251d38fe69b48a8e6a126745727e,
        type: 2}
      propertyPath: Stats.Type
      value: 3
      objectReference: {fileID: 0}
    - target: {fileID: 1000011233752934, guid: 119c251d38fe69b48a8e6a126745727e, type: 2}
      propertyPath: m_Layer
      value: 10
      objectReference: {fileID: 0}
    m_RemovedComponents: []
  m_ParentPrefab: {fileID: 100100000, guid: 119c251d38fe69b48a8e6a126745727e, type: 2}
  m_IsPrefabParent: 0
--- !u!4 &573434344 stripped
Transform:
  m_PrefabParentObject: {fileID: 4000012017542846, guid: 119c251d38fe69b48a8e6a126745727e,
    type: 2}
  m_PrefabInternal: {fileID: 573434343}
--- !u!1 &609966567
GameObject:
  m_ObjectHideFlags: 0
  m_PrefabParentObject: {fileID: 0}
  m_PrefabInternal: {fileID: 0}
  serializedVersion: 4
  m_Component:
  - 4: {fileID: 609966568}
  - 114: {fileID: 609966569}
  m_Layer: 0
  m_Name: Enemy
  m_TagString: Enemy
  m_Icon: {fileID: 0}
  m_NavMeshLayer: 0
  m_StaticEditorFlags: 0
  m_IsActive: 1
--- !u!4 &609966568
Transform:
  m_ObjectHideFlags: 0
  m_PrefabParentObject: {fileID: 0}
  m_PrefabInternal: {fileID: 0}
  m_GameObject: {fileID: 609966567}
  m_LocalRotation: {x: -0, y: -0, z: -0, w: 1}
  m_LocalPosition: {x: -0.27865374, y: -33.40625, z: -1.6061796}
  m_LocalScale: {x: 1, y: 1, z: 1}
  m_LocalEulerAnglesHint: {x: 0, y: 0, z: 0}
  m_Children: []
  m_Father: {fileID: 0}
  m_RootOrder: 5
--- !u!114 &609966569
MonoBehaviour:
  m_ObjectHideFlags: 0
  m_PrefabParentObject: {fileID: 0}
  m_PrefabInternal: {fileID: 0}
  m_GameObject: {fileID: 609966567}
  m_Enabled: 1
  m_EditorHideFlags: 0
  m_Script: {fileID: 11500000, guid: 4d0c99c532810a14f962696b2474f484, type: 3}
  m_Name: 
  m_EditorClassIdentifier: 
  Units: []
  VictoryPoints: 0
  VictoryPointsText: {fileID: 224558301}
  AiBase: {fileID: 1418083196}
  Resources:
    RequisitionPoints: 0
    Ammunition: 1000
    MedicalSupplies: 1000
    ForceLimit: 0
  NewOrdersFrequency: 1
  ReevaluteStrategyFrequency: 10
  RequisitionFrequency: 180
  FirstResourcesRequest: 0
--- !u!1 &623941727
GameObject:
  m_ObjectHideFlags: 0
  m_PrefabParentObject: {fileID: 100004, guid: 950a899a61407f04692504e9f4a96075, type: 3}
  m_PrefabInternal: {fileID: 0}
  serializedVersion: 4
  m_Component:
  - 4: {fileID: 623941728}
  - 33: {fileID: 623941731}
  - 23: {fileID: 623941730}
  - 64: {fileID: 623941729}
  m_Layer: 10
  m_Name: Cube_001
  m_TagString: Untagged
  m_Icon: {fileID: 0}
  m_NavMeshLayer: 0
  m_StaticEditorFlags: 0
  m_IsActive: 1
--- !u!4 &623941728
Transform:
  m_ObjectHideFlags: 0
  m_PrefabParentObject: {fileID: 400004, guid: 950a899a61407f04692504e9f4a96075, type: 3}
  m_PrefabInternal: {fileID: 0}
  m_GameObject: {fileID: 623941727}
  m_LocalRotation: {x: -0.7071068, y: 0, z: -0, w: 0.7071068}
  m_LocalPosition: {x: -0, y: 5, z: 16}
  m_LocalScale: {x: 4, y: 4, z: 5}
  m_LocalEulerAnglesHint: {x: 0, y: 0, z: 0}
  m_Children: []
  m_Father: {fileID: 1418083197}
  m_RootOrder: 1
--- !u!64 &623941729
MeshCollider:
  m_ObjectHideFlags: 0
  m_PrefabParentObject: {fileID: 6400002, guid: 950a899a61407f04692504e9f4a96075,
    type: 3}
  m_PrefabInternal: {fileID: 0}
  m_GameObject: {fileID: 623941727}
  m_Material: {fileID: 0}
  m_IsTrigger: 0
  m_Enabled: 1
  serializedVersion: 2
  m_Convex: 0
  m_Mesh: {fileID: 4300008, guid: 950a899a61407f04692504e9f4a96075, type: 3}
--- !u!23 &623941730
MeshRenderer:
  m_ObjectHideFlags: 0
  m_PrefabParentObject: {fileID: 2300002, guid: 950a899a61407f04692504e9f4a96075,
    type: 3}
  m_PrefabInternal: {fileID: 0}
  m_GameObject: {fileID: 623941727}
  m_Enabled: 1
  m_CastShadows: 1
  m_ReceiveShadows: 1
  m_MotionVectors: 1
  m_LightProbeUsage: 1
  m_ReflectionProbeUsage: 1
  m_Materials:
  - {fileID: 2100000, guid: fd6ee21be57b54b4dba4ca970290e8c8, type: 2}
  m_SubsetIndices: 
  m_StaticBatchRoot: {fileID: 0}
  m_ProbeAnchor: {fileID: 0}
  m_LightProbeVolumeOverride: {fileID: 0}
  m_ScaleInLightmap: 1
  m_PreserveUVs: 0
  m_IgnoreNormalsForChartDetection: 0
  m_ImportantGI: 0
  m_SelectedWireframeHidden: 0
  m_MinimumChartSize: 4
  m_AutoUVMaxDistance: 0.5
  m_AutoUVMaxAngle: 89
  m_LightmapParameters: {fileID: 0}
  m_SortingLayerID: 0
  m_SortingOrder: 0
--- !u!33 &623941731
MeshFilter:
  m_ObjectHideFlags: 0
  m_PrefabParentObject: {fileID: 3300002, guid: 950a899a61407f04692504e9f4a96075,
    type: 3}
  m_PrefabInternal: {fileID: 0}
  m_GameObject: {fileID: 623941727}
  m_Mesh: {fileID: 4300008, guid: 950a899a61407f04692504e9f4a96075, type: 3}
--- !u!114 &667239386 stripped
MonoBehaviour:
  m_PrefabParentObject: {fileID: 114000011531406970, guid: d70479d1535134f479a08c160610307a,
    type: 2}
  m_PrefabInternal: {fileID: 1638413953}
  m_Script: {fileID: 708705254, guid: f5f67c52d1564df4a8936ccd202a3bd8, type: 3}
--- !u!114 &737848022 stripped
MonoBehaviour:
  m_PrefabParentObject: {fileID: 114000012738605228, guid: d70479d1535134f479a08c160610307a,
    type: 2}
  m_PrefabInternal: {fileID: 1638413953}
  m_Script: {fileID: 708705254, guid: f5f67c52d1564df4a8936ccd202a3bd8, type: 3}
--- !u!114 &790728321 stripped
MonoBehaviour:
  m_PrefabParentObject: {fileID: 114000014169917418, guid: d70479d1535134f479a08c160610307a,
    type: 2}
  m_PrefabInternal: {fileID: 1638413953}
  m_Script: {fileID: 708705254, guid: f5f67c52d1564df4a8936ccd202a3bd8, type: 3}
--- !u!1 &898996015
GameObject:
  m_ObjectHideFlags: 0
  m_PrefabParentObject: {fileID: 0}
  m_PrefabInternal: {fileID: 0}
  serializedVersion: 4
  m_Component:
  - 4: {fileID: 898996016}
  m_Layer: 10
  m_Name: Objectives
  m_TagString: Untagged
  m_Icon: {fileID: 0}
  m_NavMeshLayer: 0
  m_StaticEditorFlags: 0
  m_IsActive: 1
--- !u!4 &898996016
Transform:
  m_ObjectHideFlags: 0
  m_PrefabParentObject: {fileID: 0}
  m_PrefabInternal: {fileID: 0}
  m_GameObject: {fileID: 898996015}
  m_LocalRotation: {x: 0, y: 0, z: 0, w: 1}
  m_LocalPosition: {x: 9.8218355, y: 0, z: 1.1321406}
  m_LocalScale: {x: 1, y: 1, z: 1}
  m_LocalEulerAnglesHint: {x: 0, y: 0, z: 0}
  m_Children:
  - {fileID: 1114390698}
  - {fileID: 256107128}
  - {fileID: 516314079}
  - {fileID: 573434344}
  - {fileID: 257031669}
  - {fileID: 1657894486}
  - {fileID: 1186026693}
  m_Father: {fileID: 0}
  m_RootOrder: 3
--- !u!1 &899075948
GameObject:
  m_ObjectHideFlags: 0
  m_PrefabParentObject: {fileID: 100002, guid: 950a899a61407f04692504e9f4a96075, type: 3}
  m_PrefabInternal: {fileID: 0}
  serializedVersion: 4
  m_Component:
  - 4: {fileID: 899075949}
  - 33: {fileID: 899075952}
  - 23: {fileID: 899075951}
  - 64: {fileID: 899075950}
  m_Layer: 10
  m_Name: Cube
  m_TagString: Untagged
  m_Icon: {fileID: 0}
  m_NavMeshLayer: 0
  m_StaticEditorFlags: 0
  m_IsActive: 1
--- !u!4 &899075949
Transform:
  m_ObjectHideFlags: 0
  m_PrefabParentObject: {fileID: 400002, guid: 950a899a61407f04692504e9f4a96075, type: 3}
  m_PrefabInternal: {fileID: 0}
  m_GameObject: {fileID: 899075948}
  m_LocalRotation: {x: -0.7071068, y: 0, z: -0, w: 0.7071068}
  m_LocalPosition: {x: -0, y: 5, z: 0}
  m_LocalScale: {x: 4, y: 4, z: 5}
  m_LocalEulerAnglesHint: {x: 0, y: 0, z: 0}
  m_Children: []
  m_Father: {fileID: 1620105116}
  m_RootOrder: 0
--- !u!64 &899075950
MeshCollider:
  m_ObjectHideFlags: 0
  m_PrefabParentObject: {fileID: 6400000, guid: 950a899a61407f04692504e9f4a96075,
    type: 3}
  m_PrefabInternal: {fileID: 0}
  m_GameObject: {fileID: 899075948}
  m_Material: {fileID: 0}
  m_IsTrigger: 0
  m_Enabled: 1
  serializedVersion: 2
  m_Convex: 0
  m_Mesh: {fileID: 4300010, guid: 950a899a61407f04692504e9f4a96075, type: 3}
--- !u!23 &899075951
MeshRenderer:
  m_ObjectHideFlags: 0
  m_PrefabParentObject: {fileID: 2300000, guid: 950a899a61407f04692504e9f4a96075,
    type: 3}
  m_PrefabInternal: {fileID: 0}
  m_GameObject: {fileID: 899075948}
  m_Enabled: 1
  m_CastShadows: 1
  m_ReceiveShadows: 1
  m_MotionVectors: 1
  m_LightProbeUsage: 1
  m_ReflectionProbeUsage: 1
  m_Materials:
  - {fileID: 2100000, guid: 0eba23aa4dc6dc84fac47f6229d7dffa, type: 2}
  m_SubsetIndices: 
  m_StaticBatchRoot: {fileID: 0}
  m_ProbeAnchor: {fileID: 0}
  m_LightProbeVolumeOverride: {fileID: 0}
  m_ScaleInLightmap: 1
  m_PreserveUVs: 0
  m_IgnoreNormalsForChartDetection: 0
  m_ImportantGI: 0
  m_SelectedWireframeHidden: 0
  m_MinimumChartSize: 4
  m_AutoUVMaxDistance: 0.5
  m_AutoUVMaxAngle: 89
  m_LightmapParameters: {fileID: 0}
  m_SortingLayerID: 0
  m_SortingOrder: 0
--- !u!33 &899075952
MeshFilter:
  m_ObjectHideFlags: 0
  m_PrefabParentObject: {fileID: 3300000, guid: 950a899a61407f04692504e9f4a96075,
    type: 3}
  m_PrefabInternal: {fileID: 0}
  m_GameObject: {fileID: 899075948}
  m_Mesh: {fileID: 4300010, guid: 950a899a61407f04692504e9f4a96075, type: 3}
--- !u!1 &945028025
GameObject:
  m_ObjectHideFlags: 0
  m_PrefabParentObject: {fileID: 100008, guid: 950a899a61407f04692504e9f4a96075, type: 3}
  m_PrefabInternal: {fileID: 0}
  serializedVersion: 4
  m_Component:
  - 4: {fileID: 945028026}
  - 33: {fileID: 945028029}
  - 23: {fileID: 945028028}
  - 64: {fileID: 945028027}
  m_Layer: 10
  m_Name: Cube_003
  m_TagString: Untagged
  m_Icon: {fileID: 0}
  m_NavMeshLayer: 0
  m_StaticEditorFlags: 0
  m_IsActive: 1
--- !u!4 &945028026
Transform:
  m_ObjectHideFlags: 0
  m_PrefabParentObject: {fileID: 400008, guid: 950a899a61407f04692504e9f4a96075, type: 3}
  m_PrefabInternal: {fileID: 0}
  m_GameObject: {fileID: 945028025}
  m_LocalRotation: {x: -0.7071068, y: 0, z: -0, w: 0.7071068}
  m_LocalPosition: {x: -0, y: 5, z: 0}
  m_LocalScale: {x: 4, y: 4, z: 5}
  m_LocalEulerAnglesHint: {x: 0, y: 0, z: 0}
  m_Children: []
  m_Father: {fileID: 1620105116}
  m_RootOrder: 3
--- !u!64 &945028027
MeshCollider:
  m_ObjectHideFlags: 0
  m_PrefabParentObject: {fileID: 6400006, guid: 950a899a61407f04692504e9f4a96075,
    type: 3}
  m_PrefabInternal: {fileID: 0}
  m_GameObject: {fileID: 945028025}
  m_Material: {fileID: 0}
  m_IsTrigger: 0
  m_Enabled: 1
  serializedVersion: 2
  m_Convex: 0
  m_Mesh: {fileID: 4300004, guid: 950a899a61407f04692504e9f4a96075, type: 3}
--- !u!23 &945028028
MeshRenderer:
  m_ObjectHideFlags: 0
  m_PrefabParentObject: {fileID: 2300006, guid: 950a899a61407f04692504e9f4a96075,
    type: 3}
  m_PrefabInternal: {fileID: 0}
  m_GameObject: {fileID: 945028025}
  m_Enabled: 1
  m_CastShadows: 1
  m_ReceiveShadows: 1
  m_MotionVectors: 1
  m_LightProbeUsage: 1
  m_ReflectionProbeUsage: 1
  m_Materials:
  - {fileID: 2100000, guid: 0eba23aa4dc6dc84fac47f6229d7dffa, type: 2}
  m_SubsetIndices: 
  m_StaticBatchRoot: {fileID: 0}
  m_ProbeAnchor: {fileID: 0}
  m_LightProbeVolumeOverride: {fileID: 0}
  m_ScaleInLightmap: 1
  m_PreserveUVs: 0
  m_IgnoreNormalsForChartDetection: 0
  m_ImportantGI: 0
  m_SelectedWireframeHidden: 0
  m_MinimumChartSize: 4
  m_AutoUVMaxDistance: 0.5
  m_AutoUVMaxAngle: 89
  m_LightmapParameters: {fileID: 0}
  m_SortingLayerID: 0
  m_SortingOrder: 0
--- !u!33 &945028029
MeshFilter:
  m_ObjectHideFlags: 0
  m_PrefabParentObject: {fileID: 3300006, guid: 950a899a61407f04692504e9f4a96075,
    type: 3}
  m_PrefabInternal: {fileID: 0}
  m_GameObject: {fileID: 945028025}
  m_Mesh: {fileID: 4300004, guid: 950a899a61407f04692504e9f4a96075, type: 3}
--- !u!114 &978668524 stripped
MonoBehaviour:
  m_PrefabParentObject: {fileID: 114000010344645090, guid: d70479d1535134f479a08c160610307a,
    type: 2}
  m_PrefabInternal: {fileID: 1638413953}
  m_Script: {fileID: 708705254, guid: f5f67c52d1564df4a8936ccd202a3bd8, type: 3}
--- !u!1001 &986156734
Prefab:
  m_ObjectHideFlags: 0
  serializedVersion: 2
  m_Modification:
    m_TransformParent: {fileID: 0}
    m_Modifications:
    - target: {fileID: 4000011969353168, guid: 0333afdc119cfa34297a2a8d77e563f0, type: 2}
      propertyPath: m_LocalPosition.x
      value: 5.042456
      objectReference: {fileID: 0}
    - target: {fileID: 4000011969353168, guid: 0333afdc119cfa34297a2a8d77e563f0, type: 2}
      propertyPath: m_LocalPosition.y
      value: 16.926058
      objectReference: {fileID: 0}
    - target: {fileID: 4000011969353168, guid: 0333afdc119cfa34297a2a8d77e563f0, type: 2}
      propertyPath: m_LocalPosition.z
      value: -32.50257
      objectReference: {fileID: 0}
    - target: {fileID: 4000011969353168, guid: 0333afdc119cfa34297a2a8d77e563f0, type: 2}
      propertyPath: m_LocalRotation.x
      value: 0
      objectReference: {fileID: 0}
    - target: {fileID: 4000011969353168, guid: 0333afdc119cfa34297a2a8d77e563f0, type: 2}
      propertyPath: m_LocalRotation.y
      value: 0
      objectReference: {fileID: 0}
    - target: {fileID: 4000011969353168, guid: 0333afdc119cfa34297a2a8d77e563f0, type: 2}
      propertyPath: m_LocalRotation.z
      value: 0
      objectReference: {fileID: 0}
    - target: {fileID: 4000011969353168, guid: 0333afdc119cfa34297a2a8d77e563f0, type: 2}
      propertyPath: m_LocalRotation.w
      value: 1
      objectReference: {fileID: 0}
    - target: {fileID: 4000011969353168, guid: 0333afdc119cfa34297a2a8d77e563f0, type: 2}
      propertyPath: m_RootOrder
      value: 10
      objectReference: {fileID: 0}
    m_RemovedComponents: []
  m_ParentPrefab: {fileID: 100100000, guid: 0333afdc119cfa34297a2a8d77e563f0, type: 2}
  m_IsPrefabParent: 0
--- !u!1 &1057028838
GameObject:
  m_ObjectHideFlags: 0
  m_PrefabParentObject: {fileID: 0}
  m_PrefabInternal: {fileID: 0}
  serializedVersion: 4
  m_Component:
  - 4: {fileID: 1057028839}
  m_Layer: 10
  m_Name: Bases
  m_TagString: Untagged
  m_Icon: {fileID: 0}
  m_NavMeshLayer: 0
  m_StaticEditorFlags: 0
  m_IsActive: 1
--- !u!4 &1057028839
Transform:
  m_ObjectHideFlags: 0
  m_PrefabParentObject: {fileID: 0}
  m_PrefabInternal: {fileID: 0}
  m_GameObject: {fileID: 1057028838}
  m_LocalRotation: {x: 0, y: 0, z: 0, w: 1}
  m_LocalPosition: {x: -10.082433, y: 50.70303, z: 0}
  m_LocalScale: {x: 1, y: 1, z: 1}
  m_LocalEulerAnglesHint: {x: 0, y: 0, z: 0}
  m_Children:
  - {fileID: 1620105116}
  - {fileID: 1418083197}
  m_Father: {fileID: 0}
  m_RootOrder: 6
--- !u!114 &1063573813 stripped
MonoBehaviour:
  m_PrefabParentObject: {fileID: 114000011113301714, guid: d70479d1535134f479a08c160610307a,
    type: 2}
  m_PrefabInternal: {fileID: 1638413953}
  m_Script: {fileID: 708705254, guid: f5f67c52d1564df4a8936ccd202a3bd8, type: 3}
--- !u!1001 &1114390697
Prefab:
  m_ObjectHideFlags: 0
  serializedVersion: 2
  m_Modification:
    m_TransformParent: {fileID: 898996016}
    m_Modifications:
    - target: {fileID: 4000012017542846, guid: 119c251d38fe69b48a8e6a126745727e, type: 2}
      propertyPath: m_LocalPosition.x
      value: -33.92
      objectReference: {fileID: 0}
    - target: {fileID: 4000012017542846, guid: 119c251d38fe69b48a8e6a126745727e, type: 2}
      propertyPath: m_LocalPosition.y
      value: 13.08
      objectReference: {fileID: 0}
    - target: {fileID: 4000012017542846, guid: 119c251d38fe69b48a8e6a126745727e, type: 2}
      propertyPath: m_LocalPosition.z
      value: -34.77
      objectReference: {fileID: 0}
    - target: {fileID: 4000012017542846, guid: 119c251d38fe69b48a8e6a126745727e, type: 2}
      propertyPath: m_LocalRotation.x
      value: -0
      objectReference: {fileID: 0}
    - target: {fileID: 4000012017542846, guid: 119c251d38fe69b48a8e6a126745727e, type: 2}
      propertyPath: m_LocalRotation.y
      value: -0
      objectReference: {fileID: 0}
    - target: {fileID: 4000012017542846, guid: 119c251d38fe69b48a8e6a126745727e, type: 2}
      propertyPath: m_LocalRotation.z
      value: -0
      objectReference: {fileID: 0}
    - target: {fileID: 4000012017542846, guid: 119c251d38fe69b48a8e6a126745727e, type: 2}
      propertyPath: m_LocalRotation.w
      value: 1
      objectReference: {fileID: 0}
    - target: {fileID: 4000012017542846, guid: 119c251d38fe69b48a8e6a126745727e, type: 2}
      propertyPath: m_RootOrder
      value: 0
      objectReference: {fileID: 0}
    - target: {fileID: 1000011233752934, guid: 119c251d38fe69b48a8e6a126745727e, type: 2}
      propertyPath: m_Name
      value: Objective (1)
      objectReference: {fileID: 0}
    - target: {fileID: 1000011233752934, guid: 119c251d38fe69b48a8e6a126745727e, type: 2}
      propertyPath: m_Layer
      value: 10
      objectReference: {fileID: 0}
    m_RemovedComponents: []
  m_ParentPrefab: {fileID: 100100000, guid: 119c251d38fe69b48a8e6a126745727e, type: 2}
  m_IsPrefabParent: 0
--- !u!4 &1114390698 stripped
Transform:
  m_PrefabParentObject: {fileID: 4000012017542846, guid: 119c251d38fe69b48a8e6a126745727e,
    type: 2}
  m_PrefabInternal: {fileID: 1114390697}
--- !u!114 &1120803645 stripped
MonoBehaviour:
  m_PrefabParentObject: {fileID: 114000014256794250, guid: d70479d1535134f479a08c160610307a,
    type: 2}
  m_PrefabInternal: {fileID: 1638413953}
  m_Script: {fileID: 708705254, guid: f5f67c52d1564df4a8936ccd202a3bd8, type: 3}
--- !u!1 &1184392988
GameObject:
  m_ObjectHideFlags: 0
  m_PrefabParentObject: {fileID: 100006, guid: 950a899a61407f04692504e9f4a96075, type: 3}
  m_PrefabInternal: {fileID: 0}
  serializedVersion: 4
  m_Component:
  - 4: {fileID: 1184392989}
  - 33: {fileID: 1184392992}
  - 23: {fileID: 1184392991}
  - 64: {fileID: 1184392990}
  m_Layer: 10
  m_Name: Cube_002
  m_TagString: Untagged
  m_Icon: {fileID: 0}
  m_NavMeshLayer: 0
  m_StaticEditorFlags: 0
  m_IsActive: 1
--- !u!4 &1184392989
Transform:
  m_ObjectHideFlags: 0
  m_PrefabParentObject: {fileID: 400006, guid: 950a899a61407f04692504e9f4a96075, type: 3}
  m_PrefabInternal: {fileID: 0}
  m_GameObject: {fileID: 1184392988}
  m_LocalRotation: {x: -0.7071068, y: 0, z: -0, w: 0.7071068}
  m_LocalPosition: {x: -0, y: 5, z: 7}
  m_LocalScale: {x: 4, y: 4, z: 5}
  m_LocalEulerAnglesHint: {x: 0, y: 0, z: 0}
  m_Children: []
  m_Father: {fileID: 1418083197}
  m_RootOrder: 2
--- !u!64 &1184392990
MeshCollider:
  m_ObjectHideFlags: 0
  m_PrefabParentObject: {fileID: 6400004, guid: 950a899a61407f04692504e9f4a96075,
    type: 3}
  m_PrefabInternal: {fileID: 0}
  m_GameObject: {fileID: 1184392988}
  m_Material: {fileID: 0}
  m_IsTrigger: 0
  m_Enabled: 1
  serializedVersion: 2
  m_Convex: 0
  m_Mesh: {fileID: 4300006, guid: 950a899a61407f04692504e9f4a96075, type: 3}
--- !u!23 &1184392991
MeshRenderer:
  m_ObjectHideFlags: 0
  m_PrefabParentObject: {fileID: 2300004, guid: 950a899a61407f04692504e9f4a96075,
    type: 3}
  m_PrefabInternal: {fileID: 0}
  m_GameObject: {fileID: 1184392988}
  m_Enabled: 1
  m_CastShadows: 1
  m_ReceiveShadows: 1
  m_MotionVectors: 1
  m_LightProbeUsage: 1
  m_ReflectionProbeUsage: 1
  m_Materials:
  - {fileID: 2100000, guid: fd6ee21be57b54b4dba4ca970290e8c8, type: 2}
  m_SubsetIndices: 
  m_StaticBatchRoot: {fileID: 0}
  m_ProbeAnchor: {fileID: 0}
  m_LightProbeVolumeOverride: {fileID: 0}
  m_ScaleInLightmap: 1
  m_PreserveUVs: 0
  m_IgnoreNormalsForChartDetection: 0
  m_ImportantGI: 0
  m_SelectedWireframeHidden: 0
  m_MinimumChartSize: 4
  m_AutoUVMaxDistance: 0.5
  m_AutoUVMaxAngle: 89
  m_LightmapParameters: {fileID: 0}
  m_SortingLayerID: 0
  m_SortingOrder: 0
--- !u!33 &1184392992
MeshFilter:
  m_ObjectHideFlags: 0
  m_PrefabParentObject: {fileID: 3300004, guid: 950a899a61407f04692504e9f4a96075,
    type: 3}
  m_PrefabInternal: {fileID: 0}
  m_GameObject: {fileID: 1184392988}
  m_Mesh: {fileID: 4300006, guid: 950a899a61407f04692504e9f4a96075, type: 3}
--- !u!1001 &1186026692
Prefab:
  m_ObjectHideFlags: 0
  serializedVersion: 2
  m_Modification:
    m_TransformParent: {fileID: 898996016}
    m_Modifications:
    - target: {fileID: 4000012017542846, guid: 119c251d38fe69b48a8e6a126745727e, type: 2}
      propertyPath: m_LocalPosition.x
      value: -36.9
      objectReference: {fileID: 0}
    - target: {fileID: 4000012017542846, guid: 119c251d38fe69b48a8e6a126745727e, type: 2}
      propertyPath: m_LocalPosition.y
      value: 8.37
      objectReference: {fileID: 0}
    - target: {fileID: 4000012017542846, guid: 119c251d38fe69b48a8e6a126745727e, type: 2}
      propertyPath: m_LocalPosition.z
      value: 40.2
      objectReference: {fileID: 0}
    - target: {fileID: 4000012017542846, guid: 119c251d38fe69b48a8e6a126745727e, type: 2}
      propertyPath: m_LocalRotation.x
      value: -0
      objectReference: {fileID: 0}
    - target: {fileID: 4000012017542846, guid: 119c251d38fe69b48a8e6a126745727e, type: 2}
      propertyPath: m_LocalRotation.y
      value: -0
      objectReference: {fileID: 0}
    - target: {fileID: 4000012017542846, guid: 119c251d38fe69b48a8e6a126745727e, type: 2}
      propertyPath: m_LocalRotation.z
      value: -0
      objectReference: {fileID: 0}
    - target: {fileID: 4000012017542846, guid: 119c251d38fe69b48a8e6a126745727e, type: 2}
      propertyPath: m_LocalRotation.w
      value: 1
      objectReference: {fileID: 0}
    - target: {fileID: 4000012017542846, guid: 119c251d38fe69b48a8e6a126745727e, type: 2}
      propertyPath: m_RootOrder
      value: 6
      objectReference: {fileID: 0}
    - target: {fileID: 1000011233752934, guid: 119c251d38fe69b48a8e6a126745727e, type: 2}
      propertyPath: m_Name
      value: Objective (11)
      objectReference: {fileID: 0}
    - target: {fileID: 1000011233752934, guid: 119c251d38fe69b48a8e6a126745727e, type: 2}
      propertyPath: m_Layer
      value: 10
      objectReference: {fileID: 0}
    m_RemovedComponents: []
  m_ParentPrefab: {fileID: 100100000, guid: 119c251d38fe69b48a8e6a126745727e, type: 2}
  m_IsPrefabParent: 0
--- !u!4 &1186026693 stripped
Transform:
  m_PrefabParentObject: {fileID: 4000012017542846, guid: 119c251d38fe69b48a8e6a126745727e,
    type: 2}
  m_PrefabInternal: {fileID: 1186026692}
--- !u!1 &1327450298
GameObject:
  m_ObjectHideFlags: 0
  m_PrefabParentObject: {fileID: 100004, guid: 950a899a61407f04692504e9f4a96075, type: 3}
  m_PrefabInternal: {fileID: 0}
  serializedVersion: 4
  m_Component:
  - 4: {fileID: 1327450299}
  - 33: {fileID: 1327450302}
  - 23: {fileID: 1327450301}
  - 64: {fileID: 1327450300}
  m_Layer: 10
  m_Name: Cube_001
  m_TagString: Untagged
  m_Icon: {fileID: 0}
  m_NavMeshLayer: 0
  m_StaticEditorFlags: 0
  m_IsActive: 1
--- !u!4 &1327450299
Transform:
  m_ObjectHideFlags: 0
  m_PrefabParentObject: {fileID: 400004, guid: 950a899a61407f04692504e9f4a96075, type: 3}
  m_PrefabInternal: {fileID: 0}
  m_GameObject: {fileID: 1327450298}
  m_LocalRotation: {x: -0.7071068, y: 0, z: -0, w: 0.7071068}
  m_LocalPosition: {x: -0, y: 5, z: 16}
  m_LocalScale: {x: 4, y: 4, z: 5}
  m_LocalEulerAnglesHint: {x: 0, y: 0, z: 0}
  m_Children: []
  m_Father: {fileID: 1620105116}
  m_RootOrder: 1
--- !u!64 &1327450300
MeshCollider:
  m_ObjectHideFlags: 0
  m_PrefabParentObject: {fileID: 6400002, guid: 950a899a61407f04692504e9f4a96075,
    type: 3}
  m_PrefabInternal: {fileID: 0}
  m_GameObject: {fileID: 1327450298}
  m_Material: {fileID: 0}
  m_IsTrigger: 0
  m_Enabled: 1
  serializedVersion: 2
  m_Convex: 0
  m_Mesh: {fileID: 4300008, guid: 950a899a61407f04692504e9f4a96075, type: 3}
--- !u!23 &1327450301
MeshRenderer:
  m_ObjectHideFlags: 0
  m_PrefabParentObject: {fileID: 2300002, guid: 950a899a61407f04692504e9f4a96075,
    type: 3}
  m_PrefabInternal: {fileID: 0}
  m_GameObject: {fileID: 1327450298}
  m_Enabled: 1
  m_CastShadows: 1
  m_ReceiveShadows: 1
  m_MotionVectors: 1
  m_LightProbeUsage: 1
  m_ReflectionProbeUsage: 1
  m_Materials:
  - {fileID: 2100000, guid: 0eba23aa4dc6dc84fac47f6229d7dffa, type: 2}
  m_SubsetIndices: 
  m_StaticBatchRoot: {fileID: 0}
  m_ProbeAnchor: {fileID: 0}
  m_LightProbeVolumeOverride: {fileID: 0}
  m_ScaleInLightmap: 1
  m_PreserveUVs: 0
  m_IgnoreNormalsForChartDetection: 0
  m_ImportantGI: 0
  m_SelectedWireframeHidden: 0
  m_MinimumChartSize: 4
  m_AutoUVMaxDistance: 0.5
  m_AutoUVMaxAngle: 89
  m_LightmapParameters: {fileID: 0}
  m_SortingLayerID: 0
  m_SortingOrder: 0
--- !u!33 &1327450302
MeshFilter:
  m_ObjectHideFlags: 0
  m_PrefabParentObject: {fileID: 3300002, guid: 950a899a61407f04692504e9f4a96075,
    type: 3}
  m_PrefabInternal: {fileID: 0}
  m_GameObject: {fileID: 1327450298}
  m_Mesh: {fileID: 4300008, guid: 950a899a61407f04692504e9f4a96075, type: 3}
--- !u!1 &1364351550
GameObject:
  m_ObjectHideFlags: 0
  m_PrefabParentObject: {fileID: 0}
  m_PrefabInternal: {fileID: 0}
  serializedVersion: 4
  m_Component:
  - 4: {fileID: 1364351552}
  - 114: {fileID: 1364351551}
  m_Layer: 0
  m_Name: Player
  m_TagString: Player
  m_Icon: {fileID: 0}
  m_NavMeshLayer: 0
  m_StaticEditorFlags: 0
  m_IsActive: 1
--- !u!114 &1364351551
MonoBehaviour:
  m_ObjectHideFlags: 0
  m_PrefabParentObject: {fileID: 0}
  m_PrefabInternal: {fileID: 0}
  m_GameObject: {fileID: 1364351550}
  m_Enabled: 1
  m_EditorHideFlags: 0
  m_Script: {fileID: 11500000, guid: 88bd9acb908f2234c92670fd71d77523, type: 3}
  m_Name: 
  m_EditorClassIdentifier: 
  UnitsLayer:
    serializedVersion: 2
    m_Bits: 2048
  TerrainLayer:
    serializedVersion: 2
    m_Bits: 512
  HoverLayer:
    serializedVersion: 2
    m_Bits: 1024
  Units: []
  SpecialUnit: {fileID: 0}
  Resources:
    RequisitionPoints: 0
    Ammunition: 1000
    MedicalSupplies: 1000
    ForceLimit: 0
  RequisitionFrequency: 180
  FirstRequisitionRequest: 180
  ReqCountText: {fileID: 1803089518}
  AmmoText: {fileID: 1392800234}
  MedPackText: {fileID: 1120803645}
  UnitCap: {fileID: 667239386}
  SelectedUnitName: {fileID: 2085769821}
  SelectedUnitStats: {fileID: 1063573813}
  VictoryPoints: 0
  VictoryPointsText: {fileID: 1797894312}
  HoveredObjectName: {fileID: 1475578586}
  HoveredObjectStats: {fileID: 391758435}
--- !u!4 &1364351552
Transform:
  m_ObjectHideFlags: 0
  m_PrefabParentObject: {fileID: 0}
  m_PrefabInternal: {fileID: 0}
  m_GameObject: {fileID: 1364351550}
  m_LocalRotation: {x: 0, y: 0, z: 0, w: 1}
  m_LocalPosition: {x: -0.27865374, y: -33.40625, z: -1.6061796}
  m_LocalScale: {x: 1, y: 1, z: 1}
  m_LocalEulerAnglesHint: {x: 0, y: 0, z: 0}
  m_Children: []
  m_Father: {fileID: 0}
  m_RootOrder: 4
--- !u!114 &1392800234 stripped
MonoBehaviour:
  m_PrefabParentObject: {fileID: 114000013647718296, guid: d70479d1535134f479a08c160610307a,
    type: 2}
  m_PrefabInternal: {fileID: 1638413953}
  m_Script: {fileID: 708705254, guid: f5f67c52d1564df4a8936ccd202a3bd8, type: 3}
--- !u!1 &1410711395
GameObject:
  m_ObjectHideFlags: 0
  m_PrefabParentObject: {fileID: 0}
  m_PrefabInternal: {fileID: 0}
  serializedVersion: 4
  m_Component:
  - 4: {fileID: 1410711396}
  - 33: {fileID: 1410711399}
  - 65: {fileID: 1410711398}
  - 23: {fileID: 1410711397}
  m_Layer: 0
  m_Name: Cube (1)
  m_TagString: Untagged
  m_Icon: {fileID: 0}
  m_NavMeshLayer: 0
  m_StaticEditorFlags: 0
  m_IsActive: 1
--- !u!4 &1410711396
Transform:
  m_ObjectHideFlags: 0
  m_PrefabParentObject: {fileID: 0}
  m_PrefabInternal: {fileID: 0}
  m_GameObject: {fileID: 1410711395}
  m_LocalRotation: {x: -0, y: -0, z: -0, w: 1}
  m_LocalPosition: {x: 46.9, y: -13.3, z: 28.7}
  m_LocalScale: {x: 2, y: 12, z: 100}
  m_LocalEulerAnglesHint: {x: 0, y: 0, z: 0}
  m_Children: []
  m_Father: {fileID: 1420519836}
  m_RootOrder: 1
--- !u!23 &1410711397
MeshRenderer:
  m_ObjectHideFlags: 0
  m_PrefabParentObject: {fileID: 0}
  m_PrefabInternal: {fileID: 0}
  m_GameObject: {fileID: 1410711395}
  m_Enabled: 1
  m_CastShadows: 1
  m_ReceiveShadows: 0
  m_MotionVectors: 0
  m_LightProbeUsage: 1
  m_ReflectionProbeUsage: 1
  m_Materials:
  - {fileID: 2100000, guid: de77e6b5e6ed26044ba14b55079f1f43, type: 2}
  m_SubsetIndices: 
  m_StaticBatchRoot: {fileID: 0}
  m_ProbeAnchor: {fileID: 0}
  m_LightProbeVolumeOverride: {fileID: 0}
  m_ScaleInLightmap: 1
  m_PreserveUVs: 1
  m_IgnoreNormalsForChartDetection: 0
  m_ImportantGI: 0
  m_SelectedWireframeHidden: 0
  m_MinimumChartSize: 4
  m_AutoUVMaxDistance: 0.5
  m_AutoUVMaxAngle: 89
  m_LightmapParameters: {fileID: 0}
  m_SortingLayerID: 0
  m_SortingOrder: 0
--- !u!65 &1410711398
BoxCollider:
  m_ObjectHideFlags: 0
  m_PrefabParentObject: {fileID: 0}
  m_PrefabInternal: {fileID: 0}
  m_GameObject: {fileID: 1410711395}
  m_Material: {fileID: 0}
  m_IsTrigger: 0
  m_Enabled: 1
  serializedVersion: 2
  m_Size: {x: 1, y: 1, z: 1}
  m_Center: {x: 0, y: 0, z: 0}
--- !u!33 &1410711399
MeshFilter:
  m_ObjectHideFlags: 0
  m_PrefabParentObject: {fileID: 0}
  m_PrefabInternal: {fileID: 0}
  m_GameObject: {fileID: 1410711395}
  m_Mesh: {fileID: 10202, guid: 0000000000000000e000000000000000, type: 0}
--- !u!1 &1414090589
GameObject:
  m_ObjectHideFlags: 0
  m_PrefabParentObject: {fileID: 0}
  m_PrefabInternal: {fileID: 0}
  serializedVersion: 4
  m_Component:
  - 4: {fileID: 1414090590}
  m_Layer: 10
  m_Name: Model
  m_TagString: Untagged
  m_Icon: {fileID: 0}
  m_NavMeshLayer: 0
  m_StaticEditorFlags: 0
  m_IsActive: 1
--- !u!4 &1414090590
Transform:
  m_ObjectHideFlags: 0
  m_PrefabParentObject: {fileID: 0}
  m_PrefabInternal: {fileID: 0}
  m_GameObject: {fileID: 1414090589}
  m_LocalRotation: {x: 0, y: 0, z: 0, w: 1}
  m_LocalPosition: {x: 0, y: 0, z: 0}
  m_LocalScale: {x: 1, y: 1, z: 1}
  m_LocalEulerAnglesHint: {x: 0, y: 0, z: 0}
  m_Children: []
  m_Father: {fileID: 1620105116}
  m_RootOrder: 6
--- !u!1 &1418083196
GameObject:
  m_ObjectHideFlags: 0
  m_PrefabParentObject: {fileID: 100000, guid: 950a899a61407f04692504e9f4a96075, type: 3}
  m_PrefabInternal: {fileID: 0}
  serializedVersion: 4
  m_Component:
  - 4: {fileID: 1418083197}
  - 95: {fileID: 1418083201}
  - 65: {fileID: 1418083200}
  - 114: {fileID: 1418083199}
  - 65: {fileID: 1418083198}
  m_Layer: 10
  m_Name: EBase
  m_TagString: Base
  m_Icon: {fileID: 0}
  m_NavMeshLayer: 0
  m_StaticEditorFlags: 0
  m_IsActive: 1
--- !u!4 &1418083197
Transform:
  m_ObjectHideFlags: 0
  m_PrefabParentObject: {fileID: 400000, guid: 950a899a61407f04692504e9f4a96075, type: 3}
  m_PrefabInternal: {fileID: 0}
  m_GameObject: {fileID: 1418083196}
  m_LocalRotation: {x: -0.06458534, y: 0.0020973778, z: 0.032389574, w: 0.99738425}
  m_LocalPosition: {x: 15.92, y: -39.92, z: 44.22}
  m_LocalScale: {x: 0.075, y: 0.075, z: 0.075}
  m_LocalEulerAnglesHint: {x: -7.41, y: 0, z: 3.72}
  m_Children:
  - {fileID: 1639159592}
  - {fileID: 623941728}
  - {fileID: 1184392989}
  - {fileID: 54970574}
  - {fileID: 2116508691}
  - {fileID: 288251053}
  m_Father: {fileID: 1057028839}
  m_RootOrder: 1
--- !u!65 &1418083198
BoxCollider:
  m_ObjectHideFlags: 0
  m_PrefabParentObject: {fileID: 0}
  m_PrefabInternal: {fileID: 0}
  m_GameObject: {fileID: 1418083196}
  m_Material: {fileID: 0}
  m_IsTrigger: 1
  m_Enabled: 1
  serializedVersion: 2
  m_Size: {x: 165.1, y: 95.1, z: 154.1}
  m_Center: {x: 0, y: 22.9, z: -16.9}
--- !u!114 &1418083199
MonoBehaviour:
  m_ObjectHideFlags: 0
  m_PrefabParentObject: {fileID: 0}
  m_PrefabInternal: {fileID: 0}
  m_GameObject: {fileID: 1418083196}
  m_Enabled: 1
  m_EditorHideFlags: 0
  m_Script: {fileID: 11500000, guid: 03c8484977271cb4887030ea48714383, type: 3}
  m_Name: 
  m_EditorClassIdentifier: 
  BaseStats:
    Health: 10000
    healRate: 10
    healAmount: 100
    healRadius: 7
    tagToHeal: EnemyUnit
  _enemyUnitsAroundBase: []
  _resources:
    RequisitionPoints: 0
    Ammunition: 0
    MedicalSupplies: 0
    ForceLimit: 0
--- !u!65 &1418083200
BoxCollider:
  m_ObjectHideFlags: 0
  m_PrefabParentObject: {fileID: 0}
  m_PrefabInternal: {fileID: 0}
  m_GameObject: {fileID: 1418083196}
  m_Material: {fileID: 0}
  m_IsTrigger: 0
  m_Enabled: 1
  serializedVersion: 2
  m_Size: {x: 79.6, y: 43.3, z: 70.2}
  m_Center: {x: 0, y: 22.9, z: -9.5}
--- !u!95 &1418083201
Animator:
  serializedVersion: 3
  m_ObjectHideFlags: 0
  m_PrefabParentObject: {fileID: 9500000, guid: 950a899a61407f04692504e9f4a96075,
    type: 3}
  m_PrefabInternal: {fileID: 0}
  m_GameObject: {fileID: 1418083196}
  m_Enabled: 1
  m_Avatar: {fileID: 9000000, guid: 950a899a61407f04692504e9f4a96075, type: 3}
  m_Controller: {fileID: 0}
  m_CullingMode: 0
  m_UpdateMode: 0
  m_ApplyRootMotion: 0
  m_LinearVelocityBlending: 0
  m_WarningMessage: 
  m_HasTransformHierarchy: 1
  m_AllowConstantClipSamplingOptimization: 1
--- !u!1 &1420519835
GameObject:
  m_ObjectHideFlags: 0
  m_PrefabParentObject: {fileID: 0}
  m_PrefabInternal: {fileID: 0}
  serializedVersion: 4
  m_Component:
  - 4: {fileID: 1420519836}
  m_Layer: 0
  m_Name: Boundary
  m_TagString: Untagged
  m_Icon: {fileID: 0}
  m_NavMeshLayer: 0
  m_StaticEditorFlags: 0
  m_IsActive: 1
--- !u!4 &1420519836
Transform:
  m_ObjectHideFlags: 0
  m_PrefabParentObject: {fileID: 0}
  m_PrefabInternal: {fileID: 0}
  m_GameObject: {fileID: 1420519835}
  m_LocalRotation: {x: 0, y: 0, z: 0, w: 1}
  m_LocalPosition: {x: 3.3337803, y: 20.810532, z: -29.122082}
  m_LocalScale: {x: 1, y: 1, z: 1}
  m_LocalEulerAnglesHint: {x: 0, y: 0, z: 0}
  m_Children:
  - {fileID: 467112000}
  - {fileID: 1410711396}
  - {fileID: 1601806774}
  - {fileID: 1550043623}
  - {fileID: 1615353908}
  m_Father: {fileID: 0}
  m_RootOrder: 11
--- !u!114 &1475578586 stripped
MonoBehaviour:
  m_PrefabParentObject: {fileID: 114000011773211192, guid: d70479d1535134f479a08c160610307a,
    type: 2}
  m_PrefabInternal: {fileID: 1638413953}
  m_Script: {fileID: 708705254, guid: f5f67c52d1564df4a8936ccd202a3bd8, type: 3}
--- !u!1 &1485386713
GameObject:
  m_ObjectHideFlags: 0
  m_PrefabParentObject: {fileID: 100012, guid: 950a899a61407f04692504e9f4a96075, type: 3}
  m_PrefabInternal: {fileID: 0}
  serializedVersion: 4
  m_Component:
  - 4: {fileID: 1485386714}
  - 33: {fileID: 1485386717}
  - 23: {fileID: 1485386716}
  - 64: {fileID: 1485386715}
  m_Layer: 10
  m_Name: Cube_005
  m_TagString: Untagged
  m_Icon: {fileID: 0}
  m_NavMeshLayer: 0
  m_StaticEditorFlags: 0
  m_IsActive: 1
--- !u!4 &1485386714
Transform:
  m_ObjectHideFlags: 0
  m_PrefabParentObject: {fileID: 400012, guid: 950a899a61407f04692504e9f4a96075, type: 3}
  m_PrefabInternal: {fileID: 0}
  m_GameObject: {fileID: 1485386713}
  m_LocalRotation: {x: -0.7071068, y: 0, z: -0, w: 0.7071068}
  m_LocalPosition: {x: 8, y: 13, z: -17}
  m_LocalScale: {x: 4, y: 4, z: 5}
  m_LocalEulerAnglesHint: {x: 0, y: 0, z: 0}
  m_Children: []
  m_Father: {fileID: 1620105116}
  m_RootOrder: 5
--- !u!64 &1485386715
MeshCollider:
  m_ObjectHideFlags: 0
  m_PrefabParentObject: {fileID: 6400010, guid: 950a899a61407f04692504e9f4a96075,
    type: 3}
  m_PrefabInternal: {fileID: 0}
  m_GameObject: {fileID: 1485386713}
  m_Material: {fileID: 0}
  m_IsTrigger: 0
  m_Enabled: 1
  serializedVersion: 2
  m_Convex: 0
  m_Mesh: {fileID: 4300000, guid: 950a899a61407f04692504e9f4a96075, type: 3}
--- !u!23 &1485386716
MeshRenderer:
  m_ObjectHideFlags: 0
  m_PrefabParentObject: {fileID: 2300010, guid: 950a899a61407f04692504e9f4a96075,
    type: 3}
  m_PrefabInternal: {fileID: 0}
  m_GameObject: {fileID: 1485386713}
  m_Enabled: 1
  m_CastShadows: 1
  m_ReceiveShadows: 1
  m_MotionVectors: 1
  m_LightProbeUsage: 1
  m_ReflectionProbeUsage: 1
  m_Materials:
  - {fileID: 2100000, guid: 0eba23aa4dc6dc84fac47f6229d7dffa, type: 2}
  m_SubsetIndices: 
  m_StaticBatchRoot: {fileID: 0}
  m_ProbeAnchor: {fileID: 0}
  m_LightProbeVolumeOverride: {fileID: 0}
  m_ScaleInLightmap: 1
  m_PreserveUVs: 0
  m_IgnoreNormalsForChartDetection: 0
  m_ImportantGI: 0
  m_SelectedWireframeHidden: 0
  m_MinimumChartSize: 4
  m_AutoUVMaxDistance: 0.5
  m_AutoUVMaxAngle: 89
  m_LightmapParameters: {fileID: 0}
  m_SortingLayerID: 0
  m_SortingOrder: 0
--- !u!33 &1485386717
MeshFilter:
  m_ObjectHideFlags: 0
  m_PrefabParentObject: {fileID: 3300010, guid: 950a899a61407f04692504e9f4a96075,
    type: 3}
  m_PrefabInternal: {fileID: 0}
  m_GameObject: {fileID: 1485386713}
  m_Mesh: {fileID: 4300000, guid: 950a899a61407f04692504e9f4a96075, type: 3}
--- !u!114 &1534110218 stripped
MonoBehaviour:
  m_PrefabParentObject: {fileID: 114000014104546854, guid: d4c79dc5858eafc4e8d0ab6fdbd7f1af,
    type: 2}
  m_PrefabInternal: {fileID: 440486425}
  m_Script: {fileID: 11500000, guid: 518c0d39e81df5047a9c491f37f6fb4b, type: 3}
--- !u!1 &1550043622
GameObject:
  m_ObjectHideFlags: 0
  m_PrefabParentObject: {fileID: 0}
  m_PrefabInternal: {fileID: 0}
  serializedVersion: 4
  m_Component:
  - 4: {fileID: 1550043623}
  - 33: {fileID: 1550043626}
  - 65: {fileID: 1550043625}
  - 23: {fileID: 1550043624}
  m_Layer: 0
  m_Name: Cube (3)
  m_TagString: Untagged
  m_Icon: {fileID: 0}
  m_NavMeshLayer: 0
  m_StaticEditorFlags: 0
  m_IsActive: 1
--- !u!4 &1550043623
Transform:
  m_ObjectHideFlags: 0
  m_PrefabParentObject: {fileID: 0}
  m_PrefabInternal: {fileID: 0}
  m_GameObject: {fileID: 1550043622}
  m_LocalRotation: {x: -0, y: 0.7071068, z: -0, w: 0.7071068}
  m_LocalPosition: {x: -3.7, y: -13.3, z: -21.2}
  m_LocalScale: {x: 2.0000014, y: 12, z: 103.22}
  m_LocalEulerAnglesHint: {x: 0, y: 90, z: 0}
  m_Children: []
  m_Father: {fileID: 1420519836}
  m_RootOrder: 3
--- !u!23 &1550043624
MeshRenderer:
  m_ObjectHideFlags: 0
  m_PrefabParentObject: {fileID: 0}
  m_PrefabInternal: {fileID: 0}
  m_GameObject: {fileID: 1550043622}
  m_Enabled: 1
  m_CastShadows: 1
  m_ReceiveShadows: 0
  m_MotionVectors: 0
  m_LightProbeUsage: 1
  m_ReflectionProbeUsage: 1
  m_Materials:
  - {fileID: 2100000, guid: de77e6b5e6ed26044ba14b55079f1f43, type: 2}
  m_SubsetIndices: 
  m_StaticBatchRoot: {fileID: 0}
  m_ProbeAnchor: {fileID: 0}
  m_LightProbeVolumeOverride: {fileID: 0}
  m_ScaleInLightmap: 1
  m_PreserveUVs: 1
  m_IgnoreNormalsForChartDetection: 0
  m_ImportantGI: 0
  m_SelectedWireframeHidden: 0
  m_MinimumChartSize: 4
  m_AutoUVMaxDistance: 0.5
  m_AutoUVMaxAngle: 89
  m_LightmapParameters: {fileID: 0}
  m_SortingLayerID: 0
  m_SortingOrder: 0
--- !u!65 &1550043625
BoxCollider:
  m_ObjectHideFlags: 0
  m_PrefabParentObject: {fileID: 0}
  m_PrefabInternal: {fileID: 0}
  m_GameObject: {fileID: 1550043622}
  m_Material: {fileID: 0}
  m_IsTrigger: 0
  m_Enabled: 1
  serializedVersion: 2
  m_Size: {x: 1, y: 1, z: 1}
  m_Center: {x: 0, y: 0, z: 0}
--- !u!33 &1550043626
MeshFilter:
  m_ObjectHideFlags: 0
  m_PrefabParentObject: {fileID: 0}
  m_PrefabInternal: {fileID: 0}
  m_GameObject: {fileID: 1550043622}
  m_Mesh: {fileID: 10202, guid: 0000000000000000e000000000000000, type: 0}
--- !u!1 &1587130187
GameObject:
  m_ObjectHideFlags: 0
  m_PrefabParentObject: {fileID: 100006, guid: 950a899a61407f04692504e9f4a96075, type: 3}
  m_PrefabInternal: {fileID: 0}
  serializedVersion: 4
  m_Component:
  - 4: {fileID: 1587130188}
  - 33: {fileID: 1587130191}
  - 23: {fileID: 1587130190}
  - 64: {fileID: 1587130189}
  m_Layer: 10
  m_Name: Cube_002
  m_TagString: Untagged
  m_Icon: {fileID: 0}
  m_NavMeshLayer: 0
  m_StaticEditorFlags: 0
  m_IsActive: 1
--- !u!4 &1587130188
Transform:
  m_ObjectHideFlags: 0
  m_PrefabParentObject: {fileID: 400006, guid: 950a899a61407f04692504e9f4a96075, type: 3}
  m_PrefabInternal: {fileID: 0}
  m_GameObject: {fileID: 1587130187}
  m_LocalRotation: {x: -0.7071068, y: 0, z: -0, w: 0.7071068}
  m_LocalPosition: {x: -0, y: 5, z: 7}
  m_LocalScale: {x: 4, y: 4, z: 5}
  m_LocalEulerAnglesHint: {x: 0, y: 0, z: 0}
  m_Children: []
  m_Father: {fileID: 1620105116}
  m_RootOrder: 2
--- !u!64 &1587130189
MeshCollider:
  m_ObjectHideFlags: 0
  m_PrefabParentObject: {fileID: 6400004, guid: 950a899a61407f04692504e9f4a96075,
    type: 3}
  m_PrefabInternal: {fileID: 0}
  m_GameObject: {fileID: 1587130187}
  m_Material: {fileID: 0}
  m_IsTrigger: 0
  m_Enabled: 1
  serializedVersion: 2
  m_Convex: 0
  m_Mesh: {fileID: 4300006, guid: 950a899a61407f04692504e9f4a96075, type: 3}
--- !u!23 &1587130190
MeshRenderer:
  m_ObjectHideFlags: 0
  m_PrefabParentObject: {fileID: 2300004, guid: 950a899a61407f04692504e9f4a96075,
    type: 3}
  m_PrefabInternal: {fileID: 0}
  m_GameObject: {fileID: 1587130187}
  m_Enabled: 1
  m_CastShadows: 1
  m_ReceiveShadows: 1
  m_MotionVectors: 1
  m_LightProbeUsage: 1
  m_ReflectionProbeUsage: 1
  m_Materials:
  - {fileID: 2100000, guid: 0eba23aa4dc6dc84fac47f6229d7dffa, type: 2}
  m_SubsetIndices: 
  m_StaticBatchRoot: {fileID: 0}
  m_ProbeAnchor: {fileID: 0}
  m_LightProbeVolumeOverride: {fileID: 0}
  m_ScaleInLightmap: 1
  m_PreserveUVs: 0
  m_IgnoreNormalsForChartDetection: 0
  m_ImportantGI: 0
  m_SelectedWireframeHidden: 0
  m_MinimumChartSize: 4
  m_AutoUVMaxDistance: 0.5
  m_AutoUVMaxAngle: 89
  m_LightmapParameters: {fileID: 0}
  m_SortingLayerID: 0
  m_SortingOrder: 0
--- !u!33 &1587130191
MeshFilter:
  m_ObjectHideFlags: 0
  m_PrefabParentObject: {fileID: 3300004, guid: 950a899a61407f04692504e9f4a96075,
    type: 3}
  m_PrefabInternal: {fileID: 0}
  m_GameObject: {fileID: 1587130187}
  m_Mesh: {fileID: 4300006, guid: 950a899a61407f04692504e9f4a96075, type: 3}
--- !u!1 &1601806773
GameObject:
  m_ObjectHideFlags: 0
  m_PrefabParentObject: {fileID: 0}
  m_PrefabInternal: {fileID: 0}
  serializedVersion: 4
  m_Component:
  - 4: {fileID: 1601806774}
  - 33: {fileID: 1601806777}
  - 65: {fileID: 1601806776}
  - 23: {fileID: 1601806775}
  m_Layer: 0
  m_Name: Cube (2)
  m_TagString: Untagged
  m_Icon: {fileID: 0}
  m_NavMeshLayer: 0
  m_StaticEditorFlags: 0
  m_IsActive: 1
--- !u!4 &1601806774
Transform:
  m_ObjectHideFlags: 0
  m_PrefabParentObject: {fileID: 0}
  m_PrefabInternal: {fileID: 0}
  m_GameObject: {fileID: 1601806773}
  m_LocalRotation: {x: 0, y: 0.7071068, z: 0, w: 0.7071068}
  m_LocalPosition: {x: -3.7, y: -13.3, z: 78.7}
  m_LocalScale: {x: 2, y: 12, z: 103.22}
  m_LocalEulerAnglesHint: {x: 0, y: 90, z: 0}
  m_Children: []
  m_Father: {fileID: 1420519836}
  m_RootOrder: 2
--- !u!23 &1601806775
MeshRenderer:
  m_ObjectHideFlags: 0
  m_PrefabParentObject: {fileID: 0}
  m_PrefabInternal: {fileID: 0}
  m_GameObject: {fileID: 1601806773}
  m_Enabled: 1
  m_CastShadows: 1
  m_ReceiveShadows: 0
  m_MotionVectors: 0
  m_LightProbeUsage: 1
  m_ReflectionProbeUsage: 1
  m_Materials:
  - {fileID: 2100000, guid: de77e6b5e6ed26044ba14b55079f1f43, type: 2}
  m_SubsetIndices: 
  m_StaticBatchRoot: {fileID: 0}
  m_ProbeAnchor: {fileID: 0}
  m_LightProbeVolumeOverride: {fileID: 0}
  m_ScaleInLightmap: 1
  m_PreserveUVs: 1
  m_IgnoreNormalsForChartDetection: 0
  m_ImportantGI: 0
  m_SelectedWireframeHidden: 0
  m_MinimumChartSize: 4
  m_AutoUVMaxDistance: 0.5
  m_AutoUVMaxAngle: 89
  m_LightmapParameters: {fileID: 0}
  m_SortingLayerID: 0
  m_SortingOrder: 0
--- !u!65 &1601806776
BoxCollider:
  m_ObjectHideFlags: 0
  m_PrefabParentObject: {fileID: 0}
  m_PrefabInternal: {fileID: 0}
  m_GameObject: {fileID: 1601806773}
  m_Material: {fileID: 0}
  m_IsTrigger: 0
  m_Enabled: 1
  serializedVersion: 2
  m_Size: {x: 1, y: 1, z: 1}
  m_Center: {x: 0, y: 0, z: 0}
--- !u!33 &1601806777
MeshFilter:
  m_ObjectHideFlags: 0
  m_PrefabParentObject: {fileID: 0}
  m_PrefabInternal: {fileID: 0}
  m_GameObject: {fileID: 1601806773}
  m_Mesh: {fileID: 10202, guid: 0000000000000000e000000000000000, type: 0}
--- !u!1 &1606437419
GameObject:
  m_ObjectHideFlags: 0
  m_PrefabParentObject: {fileID: 0}
  m_PrefabInternal: {fileID: 0}
  serializedVersion: 4
  m_Component:
  - 4: {fileID: 1606437424}
  - 218: {fileID: 1606437423}
  - 154: {fileID: 1606437422}
  - 114: {fileID: 1606437421}
  - 114: {fileID: 1606437420}
  m_Layer: 9
  m_Name: Terrain
  m_TagString: Terrain
  m_Icon: {fileID: 0}
  m_NavMeshLayer: 0
  m_StaticEditorFlags: 4294967295
  m_IsActive: 1
--- !u!114 &1606437420
MonoBehaviour:
  m_ObjectHideFlags: 0
  m_PrefabParentObject: {fileID: 0}
  m_PrefabInternal: {fileID: 0}
  m_GameObject: {fileID: 1606437419}
  m_Enabled: 1
  m_EditorHideFlags: 0
  m_Script: {fileID: 11500000, guid: b3f794e56866546c4a975ff68b5cdbc1, type: 3}
  m_Name: 
  m_EditorClassIdentifier: 
  guiSkin: {fileID: 11400000, guid: e53c3c54630eb44238133bc85acaad3e, type: 2}
  createIcon: {fileID: 2800000, guid: ec20c8207422b4bc69637154f53e6023, type: 3}
  erodeIcon: {fileID: 2800000, guid: 6ebd61e94bd5548ebacc446dc9baa8f9, type: 3}
  textureIcon: {fileID: 2800000, guid: 5264f932396cc4e76ba45a142eda8100, type: 3}
  mooreIcon: {fileID: 2800000, guid: 03853adeb5f824bb59bafdb606fd3005, type: 3}
  vonNeumannIcon: {fileID: 2800000, guid: 4ef8d2735a093471cb8cadc45e3a2cc0, type: 3}
  mountainsIcon: {fileID: 2800000, guid: c7f01a8e2399d493dbd50b38869f2723, type: 3}
  hillsIcon: {fileID: 2800000, guid: 5e5a7853f82e54ab6912e5c20342dd73, type: 3}
  plateausIcon: {fileID: 2800000, guid: d56a2918dbaab45ae899828d981d8dff, type: 3}
  defaultTexture: {fileID: 2800000, guid: 07ec441dca83743ee8e1b259837acbd2, type: 3}
  toolModeInt: 0
  erosionTypeInt: 0
  generatorTypeInt: 4
  isBrushOn: 0
  isBrushHidden: 0
  isBrushPainting: 0
  brushPosition: {x: 0, y: 0, z: 0}
  brushSize: 50
  brushOpacity: 1
  brushSoftness: 0.5
  neighbourhoodInt: 0
  useDifferenceMaps: 1
  thermalIterations: 25
  thermalMinSlope: 1
  thermalFalloff: 0.5
  hydraulicTypeInt: 0
  hydraulicType: 0
  hydraulicIterations: 25
  hydraulicMaxSlope: 60
  hydraulicFalloff: 0.5
  hydraulicRainfall: 0.01
  hydraulicEvaporation: 0.5
  hydraulicSedimentSolubility: 0.01
  hydraulicSedimentSaturation: 0.1
  hydraulicVelocityRainfall: 0.01
  hydraulicVelocityEvaporation: 0.5
  hydraulicVelocitySedimentSolubility: 0.01
  hydraulicVelocitySedimentSaturation: 0.1
  hydraulicVelocity: 20
  hydraulicMomentum: 1
  hydraulicEntropy: 0
  hydraulicDowncutting: 0.1
  tidalIterations: 25
  tidalSeaLevel: 50
  tidalRangeAmount: 5
  tidalCliffLimit: 60
  windIterations: 25
  windDirection: 0
  windForce: 0.5
  windLift: 0.01
  windGravity: 0.5
  windCapacity: 0.01
  windEntropy: 0.1
  windSmoothing: 0.25
  tempTexture: {fileID: 0}
  slopeBlendMinAngle: 60
  slopeBlendMaxAngle: 75
  heightBlendPoints: []
  gradientStyles: []
  voronoiTypeInt: 0
  voronoiType: 0
  voronoiCells: 16
  voronoiFeatures: 1
  voronoiScale: 1
  voronoiBlend: 1
  diamondSquareDelta: 0.5
  diamondSquareBlend: 1
  perlinFrequency: 4
  perlinAmplitude: 1
  perlinOctaves: 8
  perlinBlend: 1
  smoothBlend: 1
  smoothIterations: 5
  normaliseMin: 0
  normaliseMax: 1
  normaliseBlend: 1
--- !u!114 &1606437421
MonoBehaviour:
  m_ObjectHideFlags: 0
  m_PrefabParentObject: {fileID: 0}
  m_PrefabInternal: {fileID: 0}
  m_GameObject: {fileID: 1606437419}
  m_Enabled: 1
  m_EditorHideFlags: 0
  m_Script: {fileID: 11500000, guid: a366847c24e974a48b6b7cef7d3a8da4, type: 3}
  m_Name: 
  m_EditorClassIdentifier: 
--- !u!154 &1606437422
TerrainCollider:
  m_ObjectHideFlags: 0
  m_PrefabParentObject: {fileID: 0}
  m_PrefabInternal: {fileID: 0}
  m_GameObject: {fileID: 1606437419}
  m_Material: {fileID: 0}
  m_Enabled: 1
  m_TerrainData: {fileID: 15600000, guid: 099cc9613da16a943a26e1851e4bb92f, type: 2}
  m_EnableTreeColliders: 0
--- !u!218 &1606437423
Terrain:
  m_ObjectHideFlags: 0
  m_PrefabParentObject: {fileID: 0}
  m_PrefabInternal: {fileID: 0}
  m_GameObject: {fileID: 1606437419}
  m_Enabled: 1
  serializedVersion: 3
  m_TerrainData: {fileID: 15600000, guid: 099cc9613da16a943a26e1851e4bb92f, type: 2}
  m_TreeDistance: 0
  m_TreeBillboardDistance: 5
  m_TreeCrossFadeLength: 0
  m_TreeMaximumFullLODCount: 0
  m_DetailObjectDistance: 0
  m_DetailObjectDensity: 0
  m_HeightmapPixelError: 5
  m_SplatMapDistance: 1000
  m_HeightmapMaximumLOD: 0
  m_CastShadows: 1
  m_DrawHeightmap: 1
  m_DrawTreesAndFoliage: 0
  m_ReflectionProbeUsage: 1
  m_MaterialType: 0
  m_LegacySpecular:
    serializedVersion: 2
    rgba: 4286545791
  m_LegacyShininess: 0.078125
  m_MaterialTemplate: {fileID: 0}
  m_BakeLightProbesForTrees: 0
  m_ScaleInLightmap: 0.0512
  m_LightmapParameters: {fileID: 15200, guid: 0000000000000000f000000000000000, type: 0}
--- !u!4 &1606437424
Transform:
  m_ObjectHideFlags: 0
  m_PrefabParentObject: {fileID: 0}
  m_PrefabInternal: {fileID: 0}
  m_GameObject: {fileID: 1606437419}
  m_LocalRotation: {x: 0, y: 0, z: 0, w: 1}
  m_LocalPosition: {x: -50, y: 0, z: -50}
  m_LocalScale: {x: 1, y: 1, z: 1}
  m_LocalEulerAnglesHint: {x: 0, y: 0, z: 0}
  m_Children: []
  m_Father: {fileID: 0}
  m_RootOrder: 7
--- !u!1 &1615353907
GameObject:
  m_ObjectHideFlags: 0
  m_PrefabParentObject: {fileID: 0}
  m_PrefabInternal: {fileID: 0}
  serializedVersion: 4
  m_Component:
  - 4: {fileID: 1615353908}
  - 33: {fileID: 1615353911}
  - 64: {fileID: 1615353910}
  - 23: {fileID: 1615353909}
  m_Layer: 0
  m_Name: Quad
  m_TagString: Untagged
  m_Icon: {fileID: 0}
  m_NavMeshLayer: 0
  m_StaticEditorFlags: 0
  m_IsActive: 0
--- !u!4 &1615353908
Transform:
  m_ObjectHideFlags: 0
  m_PrefabParentObject: {fileID: 0}
  m_PrefabInternal: {fileID: 0}
  m_GameObject: {fileID: 1615353907}
  m_LocalRotation: {x: 0.7071068, y: 0, z: 0, w: 0.7071068}
  m_LocalPosition: {x: -4.5, y: -20, z: 28}
  m_LocalScale: {x: 150, y: 150, z: 1}
  m_LocalEulerAnglesHint: {x: 90, y: 0, z: 0}
  m_Children: []
  m_Father: {fileID: 1420519836}
  m_RootOrder: 4
--- !u!23 &1615353909
MeshRenderer:
  m_ObjectHideFlags: 0
  m_PrefabParentObject: {fileID: 0}
  m_PrefabInternal: {fileID: 0}
  m_GameObject: {fileID: 1615353907}
  m_Enabled: 1
  m_CastShadows: 1
  m_ReceiveShadows: 1
  m_MotionVectors: 1
  m_LightProbeUsage: 1
  m_ReflectionProbeUsage: 1
  m_Materials:
  - {fileID: 2100000, guid: bd767b21e04c18649beeafde12945349, type: 2}
  m_SubsetIndices: 
  m_StaticBatchRoot: {fileID: 0}
  m_ProbeAnchor: {fileID: 0}
  m_LightProbeVolumeOverride: {fileID: 0}
  m_ScaleInLightmap: 1
  m_PreserveUVs: 1
  m_IgnoreNormalsForChartDetection: 0
  m_ImportantGI: 0
  m_SelectedWireframeHidden: 0
  m_MinimumChartSize: 4
  m_AutoUVMaxDistance: 0.5
  m_AutoUVMaxAngle: 89
  m_LightmapParameters: {fileID: 0}
  m_SortingLayerID: 0
  m_SortingOrder: 0
--- !u!64 &1615353910
MeshCollider:
  m_ObjectHideFlags: 0
  m_PrefabParentObject: {fileID: 0}
  m_PrefabInternal: {fileID: 0}
  m_GameObject: {fileID: 1615353907}
  m_Material: {fileID: 0}
  m_IsTrigger: 0
  m_Enabled: 1
  serializedVersion: 2
  m_Convex: 0
  m_Mesh: {fileID: 10210, guid: 0000000000000000e000000000000000, type: 0}
--- !u!33 &1615353911
MeshFilter:
  m_ObjectHideFlags: 0
  m_PrefabParentObject: {fileID: 0}
  m_PrefabInternal: {fileID: 0}
  m_GameObject: {fileID: 1615353907}
  m_Mesh: {fileID: 10210, guid: 0000000000000000e000000000000000, type: 0}
--- !u!1 &1620105111
GameObject:
  m_ObjectHideFlags: 0
  m_PrefabParentObject: {fileID: 100000, guid: 950a899a61407f04692504e9f4a96075, type: 3}
  m_PrefabInternal: {fileID: 0}
  serializedVersion: 4
  m_Component:
  - 4: {fileID: 1620105116}
  - 65: {fileID: 1620105113}
  - 114: {fileID: 1620105112}
  - 65: {fileID: 1620105114}
  m_Layer: 10
  m_Name: PBase
  m_TagString: Base
  m_Icon: {fileID: 0}
  m_NavMeshLayer: 0
  m_StaticEditorFlags: 0
  m_IsActive: 1
--- !u!114 &1620105112
MonoBehaviour:
  m_ObjectHideFlags: 0
  m_PrefabParentObject: {fileID: 0}
  m_PrefabInternal: {fileID: 0}
  m_GameObject: {fileID: 1620105111}
  m_Enabled: 1
  m_EditorHideFlags: 0
  m_Script: {fileID: 11500000, guid: 03c8484977271cb4887030ea48714383, type: 3}
  m_Name: 
  m_EditorClassIdentifier: 
  BaseStats:
    Health: 10000
    healRate: 10
    healAmount: 100
    healRadius: 7
    tagToHeal: PlayerUnit
  _enemyUnitsAroundBase: []
  _resources:
    RequisitionPoints: 0
    Ammunition: 0
    MedicalSupplies: 0
    ForceLimit: 0
--- !u!65 &1620105113
BoxCollider:
  m_ObjectHideFlags: 0
  m_PrefabParentObject: {fileID: 0}
  m_PrefabInternal: {fileID: 0}
  m_GameObject: {fileID: 1620105111}
  m_Material: {fileID: 0}
  m_IsTrigger: 0
  m_Enabled: 1
  serializedVersion: 2
  m_Size: {x: 79.6, y: 43.3, z: 70.2}
  m_Center: {x: 0, y: 22.9, z: -9.5}
--- !u!65 &1620105114
BoxCollider:
  m_ObjectHideFlags: 0
  m_PrefabParentObject: {fileID: 0}
  m_PrefabInternal: {fileID: 0}
  m_GameObject: {fileID: 1620105111}
  m_Material: {fileID: 0}
  m_IsTrigger: 1
  m_Enabled: 1
  serializedVersion: 2
  m_Size: {x: 165.1, y: 95.1, z: 154.1}
  m_Center: {x: 0, y: 22.9, z: -16.9}
--- !u!4 &1620105116
Transform:
  m_ObjectHideFlags: 0
  m_PrefabParentObject: {fileID: 400000, guid: 950a899a61407f04692504e9f4a96075, type: 3}
  m_PrefabInternal: {fileID: 0}
  m_GameObject: {fileID: 1620105111}
  m_LocalRotation: {x: 0.13683942, y: 0, z: 0, w: 0.99059325}
  m_LocalPosition: {x: 13.502433, y: -40.81, z: -43.33}
  m_LocalScale: {x: 0.075, y: 0.075, z: 0.075}
  m_LocalEulerAnglesHint: {x: 15.73, y: 0, z: 0}
  m_Children:
  - {fileID: 899075949}
  - {fileID: 1327450299}
  - {fileID: 1587130188}
  - {fileID: 945028026}
  - {fileID: 320679385}
  - {fileID: 1485386714}
  - {fileID: 1414090590}
  m_Father: {fileID: 1057028839}
  m_RootOrder: 0
--- !u!1001 &1638413953
Prefab:
  m_ObjectHideFlags: 0
  serializedVersion: 2
  m_Modification:
    m_TransformParent: {fileID: 0}
    m_Modifications:
    - target: {fileID: 4000012001886212, guid: d70479d1535134f479a08c160610307a, type: 2}
      propertyPath: m_LocalPosition.x
      value: 0
      objectReference: {fileID: 0}
    - target: {fileID: 4000012001886212, guid: d70479d1535134f479a08c160610307a, type: 2}
      propertyPath: m_LocalPosition.y
      value: 0
      objectReference: {fileID: 0}
    - target: {fileID: 4000012001886212, guid: d70479d1535134f479a08c160610307a, type: 2}
      propertyPath: m_LocalPosition.z
      value: 0
      objectReference: {fileID: 0}
    - target: {fileID: 4000012001886212, guid: d70479d1535134f479a08c160610307a, type: 2}
      propertyPath: m_LocalRotation.x
      value: 0
      objectReference: {fileID: 0}
    - target: {fileID: 4000012001886212, guid: d70479d1535134f479a08c160610307a, type: 2}
      propertyPath: m_LocalRotation.y
      value: 0
      objectReference: {fileID: 0}
    - target: {fileID: 4000012001886212, guid: d70479d1535134f479a08c160610307a, type: 2}
      propertyPath: m_LocalRotation.z
      value: 0
      objectReference: {fileID: 0}
    - target: {fileID: 4000012001886212, guid: d70479d1535134f479a08c160610307a, type: 2}
      propertyPath: m_LocalRotation.w
      value: 1
      objectReference: {fileID: 0}
    - target: {fileID: 4000012001886212, guid: d70479d1535134f479a08c160610307a, type: 2}
      propertyPath: m_RootOrder
      value: 8
      objectReference: {fileID: 0}
    - target: {fileID: 114000010559039822, guid: d70479d1535134f479a08c160610307a,
        type: 2}
      propertyPath: m_OnClick.m_PersistentCalls.m_Calls.Array.data[0].m_Target
      value: 
      objectReference: {fileID: 1534110218}
    - target: {fileID: 114000013644721874, guid: d70479d1535134f479a08c160610307a,
        type: 2}
      propertyPath: PlayerControler
      value: 
      objectReference: {fileID: 1364351551}
    - target: {fileID: 114000011590363890, guid: d70479d1535134f479a08c160610307a,
        type: 2}
      propertyPath: m_OnClick.m_PersistentCalls.m_Calls.Array.data[0].m_Target
      value: 
      objectReference: {fileID: 1534110218}
    m_RemovedComponents: []
  m_ParentPrefab: {fileID: 100100000, guid: d70479d1535134f479a08c160610307a, type: 2}
  m_IsPrefabParent: 0
--- !u!1 &1639159591
GameObject:
  m_ObjectHideFlags: 0
  m_PrefabParentObject: {fileID: 100002, guid: 950a899a61407f04692504e9f4a96075, type: 3}
  m_PrefabInternal: {fileID: 0}
  serializedVersion: 4
  m_Component:
  - 4: {fileID: 1639159592}
  - 33: {fileID: 1639159595}
  - 23: {fileID: 1639159594}
  - 64: {fileID: 1639159593}
  m_Layer: 10
  m_Name: Cube
  m_TagString: Untagged
  m_Icon: {fileID: 0}
  m_NavMeshLayer: 0
  m_StaticEditorFlags: 0
  m_IsActive: 1
--- !u!4 &1639159592
Transform:
  m_ObjectHideFlags: 0
  m_PrefabParentObject: {fileID: 400002, guid: 950a899a61407f04692504e9f4a96075, type: 3}
  m_PrefabInternal: {fileID: 0}
  m_GameObject: {fileID: 1639159591}
  m_LocalRotation: {x: -0.7071068, y: 0, z: -0, w: 0.7071068}
  m_LocalPosition: {x: -0, y: 5, z: 0}
  m_LocalScale: {x: 4, y: 4, z: 5}
  m_LocalEulerAnglesHint: {x: 0, y: 0, z: 0}
  m_Children: []
  m_Father: {fileID: 1418083197}
  m_RootOrder: 0
--- !u!64 &1639159593
MeshCollider:
  m_ObjectHideFlags: 0
  m_PrefabParentObject: {fileID: 6400000, guid: 950a899a61407f04692504e9f4a96075,
    type: 3}
  m_PrefabInternal: {fileID: 0}
  m_GameObject: {fileID: 1639159591}
  m_Material: {fileID: 0}
  m_IsTrigger: 0
  m_Enabled: 1
  serializedVersion: 2
  m_Convex: 0
  m_Mesh: {fileID: 4300010, guid: 950a899a61407f04692504e9f4a96075, type: 3}
--- !u!23 &1639159594
MeshRenderer:
  m_ObjectHideFlags: 0
  m_PrefabParentObject: {fileID: 2300000, guid: 950a899a61407f04692504e9f4a96075,
    type: 3}
  m_PrefabInternal: {fileID: 0}
  m_GameObject: {fileID: 1639159591}
  m_Enabled: 1
  m_CastShadows: 1
  m_ReceiveShadows: 1
  m_MotionVectors: 1
  m_LightProbeUsage: 1
  m_ReflectionProbeUsage: 1
  m_Materials:
  - {fileID: 2100000, guid: fd6ee21be57b54b4dba4ca970290e8c8, type: 2}
  m_SubsetIndices: 
  m_StaticBatchRoot: {fileID: 0}
  m_ProbeAnchor: {fileID: 0}
  m_LightProbeVolumeOverride: {fileID: 0}
  m_ScaleInLightmap: 1
  m_PreserveUVs: 0
  m_IgnoreNormalsForChartDetection: 0
  m_ImportantGI: 0
  m_SelectedWireframeHidden: 0
  m_MinimumChartSize: 4
  m_AutoUVMaxDistance: 0.5
  m_AutoUVMaxAngle: 89
  m_LightmapParameters: {fileID: 0}
  m_SortingLayerID: 0
  m_SortingOrder: 0
--- !u!33 &1639159595
MeshFilter:
  m_ObjectHideFlags: 0
  m_PrefabParentObject: {fileID: 3300000, guid: 950a899a61407f04692504e9f4a96075,
    type: 3}
  m_PrefabInternal: {fileID: 0}
  m_GameObject: {fileID: 1639159591}
  m_Mesh: {fileID: 4300010, guid: 950a899a61407f04692504e9f4a96075, type: 3}
--- !u!1001 &1657894485
Prefab:
  m_ObjectHideFlags: 0
  serializedVersion: 2
  m_Modification:
    m_TransformParent: {fileID: 898996016}
    m_Modifications:
    - target: {fileID: 4000012017542846, guid: 119c251d38fe69b48a8e6a126745727e, type: 2}
      propertyPath: m_LocalPosition.x
      value: 11.21
      objectReference: {fileID: 0}
    - target: {fileID: 4000012017542846, guid: 119c251d38fe69b48a8e6a126745727e, type: 2}
      propertyPath: m_LocalPosition.y
      value: 12.09
      objectReference: {fileID: 0}
    - target: {fileID: 4000012017542846, guid: 119c251d38fe69b48a8e6a126745727e, type: 2}
      propertyPath: m_LocalPosition.z
      value: 39.4
      objectReference: {fileID: 0}
    - target: {fileID: 4000012017542846, guid: 119c251d38fe69b48a8e6a126745727e, type: 2}
      propertyPath: m_LocalRotation.x
      value: -0
      objectReference: {fileID: 0}
    - target: {fileID: 4000012017542846, guid: 119c251d38fe69b48a8e6a126745727e, type: 2}
      propertyPath: m_LocalRotation.y
      value: -0
      objectReference: {fileID: 0}
    - target: {fileID: 4000012017542846, guid: 119c251d38fe69b48a8e6a126745727e, type: 2}
      propertyPath: m_LocalRotation.z
      value: -0
      objectReference: {fileID: 0}
    - target: {fileID: 4000012017542846, guid: 119c251d38fe69b48a8e6a126745727e, type: 2}
      propertyPath: m_LocalRotation.w
      value: 1
      objectReference: {fileID: 0}
    - target: {fileID: 4000012017542846, guid: 119c251d38fe69b48a8e6a126745727e, type: 2}
      propertyPath: m_RootOrder
      value: 5
      objectReference: {fileID: 0}
    - target: {fileID: 1000011233752934, guid: 119c251d38fe69b48a8e6a126745727e, type: 2}
      propertyPath: m_Name
      value: Objective (12)
      objectReference: {fileID: 0}
    - target: {fileID: 1000011233752934, guid: 119c251d38fe69b48a8e6a126745727e, type: 2}
      propertyPath: m_Layer
      value: 10
      objectReference: {fileID: 0}
    m_RemovedComponents: []
  m_ParentPrefab: {fileID: 100100000, guid: 119c251d38fe69b48a8e6a126745727e, type: 2}
  m_IsPrefabParent: 0
--- !u!4 &1657894486 stripped
Transform:
  m_PrefabParentObject: {fileID: 4000012017542846, guid: 119c251d38fe69b48a8e6a126745727e,
    type: 2}
  m_PrefabInternal: {fileID: 1657894485}
--- !u!1 &1740297588
GameObject:
  m_ObjectHideFlags: 0
  m_PrefabParentObject: {fileID: 0}
  m_PrefabInternal: {fileID: 0}
  serializedVersion: 4
  m_Component:
  - 4: {fileID: 1740297590}
  - 108: {fileID: 1740297589}
  m_Layer: 0
  m_Name: Directional Light
  m_TagString: Untagged
  m_Icon: {fileID: 0}
  m_NavMeshLayer: 0
  m_StaticEditorFlags: 0
  m_IsActive: 1
--- !u!108 &1740297589
Light:
  m_ObjectHideFlags: 0
  m_PrefabParentObject: {fileID: 0}
  m_PrefabInternal: {fileID: 0}
  m_GameObject: {fileID: 1740297588}
  m_Enabled: 1
  serializedVersion: 7
  m_Type: 1
  m_Color: {r: 0.99264705, g: 0.8712365, b: 0.5401168, a: 1}
  m_Intensity: 1
  m_Range: 10
  m_SpotAngle: 30
  m_CookieSize: 10
  m_Shadows:
    m_Type: 2
    m_Resolution: -1
    m_CustomResolution: -1
    m_Strength: 1
    m_Bias: 0.05
    m_NormalBias: 0.4
    m_NearPlane: 0.2
  m_Cookie: {fileID: 0}
  m_DrawHalo: 0
  m_Flare: {fileID: 0}
  m_RenderMode: 0
  m_CullingMask:
    serializedVersion: 2
    m_Bits: 4294967295
  m_Lightmapping: 4
  m_AreaSize: {x: 1, y: 1}
  m_BounceIntensity: 1
  m_ShadowRadius: 0
  m_ShadowAngle: 0
--- !u!4 &1740297590
Transform:
  m_ObjectHideFlags: 0
  m_PrefabParentObject: {fileID: 0}
  m_PrefabInternal: {fileID: 0}
  m_GameObject: {fileID: 1740297588}
  m_LocalRotation: {x: 0.87837785, y: 0.12132578, z: -0.31450474, w: 0.33884984}
  m_LocalPosition: {x: 0, y: 80, z: 0}
  m_LocalScale: {x: 1, y: 1, z: 1}
  m_LocalEulerAnglesHint: {x: 137.81, y: 39.4, z: 0}
  m_Children: []
  m_Father: {fileID: 0}
  m_RootOrder: 0
--- !u!1001 &1767192661
Prefab:
  m_ObjectHideFlags: 0
  serializedVersion: 2
  m_Modification:
    m_TransformParent: {fileID: 0}
    m_Modifications:
    - target: {fileID: 4000011461586180, guid: 01a7f6ecb921dd349822047a023e4cef, type: 2}
      propertyPath: m_LocalPosition.x
      value: 0
      objectReference: {fileID: 0}
    - target: {fileID: 4000011461586180, guid: 01a7f6ecb921dd349822047a023e4cef, type: 2}
      propertyPath: m_LocalPosition.y
      value: 100
      objectReference: {fileID: 0}
    - target: {fileID: 4000011461586180, guid: 01a7f6ecb921dd349822047a023e4cef, type: 2}
      propertyPath: m_LocalPosition.z
      value: 0
      objectReference: {fileID: 0}
    - target: {fileID: 4000011461586180, guid: 01a7f6ecb921dd349822047a023e4cef, type: 2}
      propertyPath: m_LocalRotation.x
      value: 0.7071068
      objectReference: {fileID: 0}
    - target: {fileID: 4000011461586180, guid: 01a7f6ecb921dd349822047a023e4cef, type: 2}
      propertyPath: m_LocalRotation.y
      value: -0
      objectReference: {fileID: 0}
    - target: {fileID: 4000011461586180, guid: 01a7f6ecb921dd349822047a023e4cef, type: 2}
      propertyPath: m_LocalRotation.z
      value: -0
      objectReference: {fileID: 0}
    - target: {fileID: 4000011461586180, guid: 01a7f6ecb921dd349822047a023e4cef, type: 2}
      propertyPath: m_LocalRotation.w
      value: 0.7071068
      objectReference: {fileID: 0}
    - target: {fileID: 4000011461586180, guid: 01a7f6ecb921dd349822047a023e4cef, type: 2}
      propertyPath: m_RootOrder
      value: 1
      objectReference: {fileID: 0}
    m_RemovedComponents: []
  m_ParentPrefab: {fileID: 100100000, guid: 01a7f6ecb921dd349822047a023e4cef, type: 2}
  m_IsPrefabParent: 0
--- !u!114 &1797894312 stripped
MonoBehaviour:
  m_PrefabParentObject: {fileID: 114000010896588076, guid: d70479d1535134f479a08c160610307a,
    type: 2}
  m_PrefabInternal: {fileID: 1638413953}
  m_Script: {fileID: 708705254, guid: f5f67c52d1564df4a8936ccd202a3bd8, type: 3}
--- !u!114 &1803089518 stripped
MonoBehaviour:
  m_PrefabParentObject: {fileID: 114000012216279444, guid: d70479d1535134f479a08c160610307a,
    type: 2}
  m_PrefabInternal: {fileID: 1638413953}
  m_Script: {fileID: 708705254, guid: f5f67c52d1564df4a8936ccd202a3bd8, type: 3}
--- !u!114 &2085769821 stripped
MonoBehaviour:
  m_PrefabParentObject: {fileID: 114000010025650034, guid: d70479d1535134f479a08c160610307a,
    type: 2}
  m_PrefabInternal: {fileID: 1638413953}
  m_Script: {fileID: 708705254, guid: f5f67c52d1564df4a8936ccd202a3bd8, type: 3}
--- !u!1 &2116508690
GameObject:
  m_ObjectHideFlags: 0
  m_PrefabParentObject: {fileID: 100010, guid: 950a899a61407f04692504e9f4a96075, type: 3}
  m_PrefabInternal: {fileID: 0}
  serializedVersion: 4
  m_Component:
  - 4: {fileID: 2116508691}
  - 33: {fileID: 2116508694}
  - 23: {fileID: 2116508693}
  - 64: {fileID: 2116508692}
  m_Layer: 10
  m_Name: Cube_004
  m_TagString: Untagged
  m_Icon: {fileID: 0}
  m_NavMeshLayer: 0
  m_StaticEditorFlags: 0
  m_IsActive: 1
--- !u!4 &2116508691
Transform:
  m_ObjectHideFlags: 0
  m_PrefabParentObject: {fileID: 400010, guid: 950a899a61407f04692504e9f4a96075, type: 3}
  m_PrefabInternal: {fileID: 0}
  m_GameObject: {fileID: 2116508690}
  m_LocalRotation: {x: -0.7071068, y: 0, z: -0, w: 0.7071068}
  m_LocalPosition: {x: -14, y: 15, z: -12}
  m_LocalScale: {x: 4, y: 4, z: 5}
  m_LocalEulerAnglesHint: {x: 0, y: 0, z: 0}
  m_Children: []
  m_Father: {fileID: 1418083197}
  m_RootOrder: 4
--- !u!64 &2116508692
MeshCollider:
  m_ObjectHideFlags: 0
  m_PrefabParentObject: {fileID: 6400008, guid: 950a899a61407f04692504e9f4a96075,
    type: 3}
  m_PrefabInternal: {fileID: 0}
  m_GameObject: {fileID: 2116508690}
  m_Material: {fileID: 0}
  m_IsTrigger: 0
  m_Enabled: 1
  serializedVersion: 2
  m_Convex: 0
  m_Mesh: {fileID: 4300002, guid: 950a899a61407f04692504e9f4a96075, type: 3}
--- !u!23 &2116508693
MeshRenderer:
  m_ObjectHideFlags: 0
  m_PrefabParentObject: {fileID: 2300008, guid: 950a899a61407f04692504e9f4a96075,
    type: 3}
  m_PrefabInternal: {fileID: 0}
  m_GameObject: {fileID: 2116508690}
  m_Enabled: 1
  m_CastShadows: 1
  m_ReceiveShadows: 1
  m_MotionVectors: 1
  m_LightProbeUsage: 1
  m_ReflectionProbeUsage: 1
  m_Materials:
  - {fileID: 2100000, guid: fd6ee21be57b54b4dba4ca970290e8c8, type: 2}
  m_SubsetIndices: 
  m_StaticBatchRoot: {fileID: 0}
  m_ProbeAnchor: {fileID: 0}
  m_LightProbeVolumeOverride: {fileID: 0}
  m_ScaleInLightmap: 1
  m_PreserveUVs: 0
  m_IgnoreNormalsForChartDetection: 0
  m_ImportantGI: 0
  m_SelectedWireframeHidden: 0
  m_MinimumChartSize: 4
  m_AutoUVMaxDistance: 0.5
  m_AutoUVMaxAngle: 89
  m_LightmapParameters: {fileID: 0}
  m_SortingLayerID: 0
  m_SortingOrder: 0
--- !u!33 &2116508694
MeshFilter:
  m_ObjectHideFlags: 0
  m_PrefabParentObject: {fileID: 3300008, guid: 950a899a61407f04692504e9f4a96075,
    type: 3}
  m_PrefabInternal: {fileID: 0}
  m_GameObject: {fileID: 2116508690}
  m_Mesh: {fileID: 4300002, guid: 950a899a61407f04692504e9f4a96075, type: 3}
